[{"coid":"2526","added":"2017-11-21T06:00:00.000Z","company":"Blue Cross and Blue Shield of Minnesota","companyType":"Nonprofits hc","category":"healthcare","address1":"3535 Blue Cross Road","address2":"P.O. Box 64560","city":"Eagan","state":"MN","zip":"55122","www":"http://www.bluecrossmn.com","shortDesc":"Chartered in 1933, BCBSM is Minnesota's first and largest health plan. Approximately 2.9 million members are enrolled in Blue Cross branded health plans or plans administered by affiliated companies.","history":"The Hospital Service Association of St. Paul, later to become BCBSM, was founded in 1933 as a nonprofit organization comprised of seven St. Paul hospitals.","founded":1933,"footnotes":null,"employees":{"2017":{"id":5571,"coid":"2526","total":3800,"added":"2017-12-11T06:00:00.000Z","publishYear":2017}},"finances":{"2016":{"id":4351,"coid":"2526","added":"2017-11-20T06:00:00.000Z","publishYear":2016,"fiscalYearEnd":"2015-12-31T06:00:00.000Z","annualReportDate":"2015-12-31T06:00:00.000Z","source":null,"contribGrants":null,"revenue":10692400000,"expenses":9698100000,"excess":-153500000,"programServiceRevenue":null,"footnotes":null},"2017":{"id":4451,"coid":"2526","added":"2017-12-11T06:00:00.000Z","publishYear":2017,"fiscalYearEnd":"2016-12-31T06:00:00.000Z","annualReportDate":"2016-12-31T06:00:00.000Z","source":"Consolidated financial statement","contribGrants":null,"revenue":12090100000,"expenses":11512000000,"excess":103411000,"programServiceRevenue":null,"footnotes":"Blue Cross and Blue Shield of Minnesota is an independent licensee of the Blue Cross and Blue Shield Association headquartered in Chicago."}},"officers":{"2016":{"coid":"2526","dropped":0,"salut":null,"first":"Michael","middle":null,"last":"Guyette","lineage":null,"title":"President/CEO","officerId":11909,"added":"2015-12-31T06:00:00.000Z","publishYear":2016,"fiscalYearEnd":"2015-12-31T06:00:00.000Z","salary":969231,"benefit":0,"other":188301,"bonus":1985820,"deferred":0,"total":3143350,"salaryId":6006,"officerFootnotes":null,"salaryFootnotes":null,"hasImage":true},"2017":{"coid":"2526","dropped":0,"salut":null,"first":"Michael","middle":null,"last":"Guyette","lineage":null,"title":"President/CEO","officerId":11909,"added":"2017-12-11T06:00:00.000Z","publishYear":2017,"fiscalYearEnd":"2016-12-31T06:00:00.000Z","salary":976856,"benefit":290829,"other":290829,"bonus":1844800,"deferred":null,"total":3112480,"salaryId":6049,"officerFootnotes":null,"salaryFootnotes":null,"hasImage":true}},"hasLogo":true,"rank":1,"previousRank":1},{"coid":"416011702","added":"2017-11-21T06:00:00.000Z","company":"Mayo Clinic","companyType":"Charity hc","category":"healthcare","address1":"200 First St SW","address2":null,"city":"Rochester","state":"MN","zip":"55905","www":"http://www.mayo.edu","shortDesc":"A medical education and research center and integrated healthcare system","history":null,"founded":1919,"footnotes":null,"employees":{"2017":{"id":5572,"coid":"416011702","total":63078,"added":"2017-12-11T06:00:00.000Z","publishYear":2017}},"finances":{"2016":{"id":4352,"coid":"416011702","added":"2017-11-20T06:00:00.000Z","publishYear":2016,"fiscalYearEnd":"2015-12-31T06:00:00.000Z","annualReportDate":"2015-12-31T06:00:00.000Z","source":null,"contribGrants":null,"revenue":10315000000,"expenses":9789000000,"excess":526000000,"programServiceRevenue":null,"footnotes":null},"2017":{"id":4452,"coid":"416011702","added":"2017-12-11T06:00:00.000Z","publishYear":2017,"fiscalYearEnd":"2016-12-31T06:00:00.000Z","annualReportDate":"2016-12-31T06:00:00.000Z","source":"Consolidated financial statement","contribGrants":null,"revenue":10998000000,"expenses":10523000000,"excess":475000000,"programServiceRevenue":null,"footnotes":null}},"officers":{"2016":{"coid":"416011702","dropped":0,"salut":"Mr.","first":"John","middle":null,"last":"Noseworthy","lineage":null,"title":"Presdient/CEO","officerId":11646,"added":"2015-12-31T06:00:00.000Z","publishYear":2016,"fiscalYearEnd":"2015-12-31T06:00:00.000Z","salary":1960560,"benefit":20103,"other":481459,"bonus":0,"deferred":59031,"total":2521160,"salaryId":5978,"officerFootnotes":"elected P, CEO in May 2009","salaryFootnotes":null,"hasImage":true},"2017":{"coid":"416011702","dropped":0,"salut":"Mr.","first":"John","middle":null,"last":"Noseworthy","lineage":null,"title":"Presdient/CEO","officerId":11646,"added":"2017-12-11T06:00:00.000Z","publishYear":2017,"fiscalYearEnd":"2016-12-31T06:00:00.000Z","salary":2218800,"benefit":24822,"other":499754,"bonus":0,"deferred":63298,"total":2806670,"salaryId":6050,"officerFootnotes":"elected P, CEO in May 2009","salaryFootnotes":null,"hasImage":true}},"hasLogo":true,"rank":2,"previousRank":2},{"coid":"411242261","added":"2017-11-21T06:00:00.000Z","company":"Medica","companyType":"Nonprofits hc","category":"healthcare","address1":"401 Carlson Parkway","address2":null,"city":"Minnetonka","state":"MN","zip":"55305","www":"www.medica.com","shortDesc":"Health insurer","history":null,"founded":null,"footnotes":null,"employees":{"2017":{"id":5573,"coid":"411242261","total":1250,"added":"2017-12-11T06:00:00.000Z","publishYear":2017}},"finances":{"2016":{"id":4354,"coid":"411242261","added":"2017-11-20T06:00:00.000Z","publishYear":2016,"fiscalYearEnd":"2015-12-31T06:00:00.000Z","annualReportDate":"2015-12-31T06:00:00.000Z","source":null,"contribGrants":null,"revenue":5135300000,"expenses":5107800000,"excess":27600000,"programServiceRevenue":null,"footnotes":null},"2017":{"id":4453,"coid":"411242261","added":"2017-12-11T06:00:00.000Z","publishYear":2017,"fiscalYearEnd":"2016-12-31T06:00:00.000Z","annualReportDate":"2016-12-31T06:00:00.000Z","source":"Consolidated financial statement","contribGrants":0,"revenue":6103820000,"expenses":6366260000,"excess":-262444000,"programServiceRevenue":2741820000,"footnotes":"Total revenue, expenses, and excess include amounts from Medica’s for profit entities that do not file 990s . Those amounts were sourced from the for profit entities’ 2016 Annual Filings or internal financials.  All other amounts are the combined totals from the 990s for Medica Health Plans and Medica Health Plans of Wisconsin.  David Tilford retired from Medica at the end of 2016. John Naylor is the new President/CEO."}},"officers":{"2016":{"coid":"411242261","dropped":0,"salut":null,"first":"David","middle":null,"last":"Tilford","lineage":null,"title":"former President/CEO","officerId":11203,"added":"2015-12-31T06:00:00.000Z","publishYear":2016,"fiscalYearEnd":"2015-12-31T06:00:00.000Z","salary":803980,"benefit":17913,"other":202848,"bonus":1287910,"deferred":19213,"total":2331860,"salaryId":5947,"officerFootnotes":null,"salaryFootnotes":null,"hasImage":true},"2017":{"coid":"411242261","dropped":0,"salut":null,"first":"David","middle":null,"last":"Tilford","lineage":null,"title":"former President/CEO","officerId":11203,"added":"2017-12-11T06:00:00.000Z","publishYear":2017,"fiscalYearEnd":"2016-12-31T06:00:00.000Z","salary":803372,"benefit":19635,"other":211453,"bonus":1232640,"deferred":20538,"total":2107220,"salaryId":6051,"officerFootnotes":null,"salaryFootnotes":null,"hasImage":true}},"hasLogo":true,"rank":3,"previousRank":4},{"coid":"2553","added":"2017-11-21T06:00:00.000Z","company":"HealthPartners Inc.","companyType":"Nonprofits hc","category":"healthcare","address1":"8170 33rd Avenue South","address2":"PO Box 1309","city":"Minneapolis","state":"MN","zip":"55440","www":"www.healthpartners.com","shortDesc":"An integrated system of health care delivery and health care financing organizations","history":null,"founded":1933,"footnotes":null,"employees":{"2017":{"id":5578,"coid":"2553","total":25000,"added":"2017-12-11T06:00:00.000Z","publishYear":2017}},"finances":{"2016":{"id":4353,"coid":"2553","added":"2017-11-20T06:00:00.000Z","publishYear":2016,"fiscalYearEnd":"2015-12-31T06:00:00.000Z","annualReportDate":"2015-12-31T06:00:00.000Z","source":null,"contribGrants":null,"revenue":5741700000,"expenses":5638200000,"excess":103500000,"programServiceRevenue":null,"footnotes":null},"2017":{"id":4458,"coid":"2553","added":"2017-12-11T06:00:00.000Z","publishYear":2017,"fiscalYearEnd":"2016-12-31T06:00:00.000Z","annualReportDate":"2016-12-31T06:00:00.000Z","source":"consolidated financial statement","contribGrants":27691900,"revenue":6034240000,"expenses":5934390000,"excess":99858000,"programServiceRevenue":null,"footnotes":"HealthPartners numbers include its affiliated corporate entities. Brainerd retired in June 2017"}},"officers":{"2016":{"coid":"2553","dropped":0,"salut":null,"first":"Mary","middle":null,"last":"Brainerd","lineage":null,"title":"former President/CEO","officerId":63779,"added":"2015-12-31T06:00:00.000Z","publishYear":2016,"fiscalYearEnd":"2015-12-31T06:00:00.000Z","salary":1020430,"benefit":82864,"other":13808,"bonus":457966,"deferred":201876,"total":1776940,"salaryId":6044,"officerFootnotes":null,"salaryFootnotes":null,"hasImage":true},"2017":{"coid":"2553","dropped":0,"salut":null,"first":"Mary","middle":null,"last":"Brainerd","lineage":null,"title":"former President/CEO","officerId":63779,"added":"2017-12-11T06:00:00.000Z","publishYear":2017,"fiscalYearEnd":"2016-12-31T06:00:00.000Z","salary":1305450,"benefit":57202,"other":43561,"bonus":564364,"deferred":468540,"total":2439110,"salaryId":6054,"officerFootnotes":null,"salaryFootnotes":null,"hasImage":true}},"hasLogo":true,"rank":4,"previousRank":3},{"coid":"363261413","added":"2017-11-21T06:00:00.000Z","company":"Allina Health System","companyType":"Charity hc","category":"healthcare","address1":"Allina Commons 2925 Chicago Av","address2":"2925 Chicago Av","city":"Minneapolis","state":"MN","zip":"55407","www":"www.alllinahealth.org","shortDesc":"An integrated hospital, clinic and specialty healthcare organization doing business as Allina Health.","history":"Allina was formed in July 1994 from the merger between Medica and Healthspan Health Systems Corp. Facilities owned include: Abbott Northwestern Hospital, Minneapolis; Buffalo Hospital; Cambridge Medical Center; Fridley Convalescent Home*; Long Prairie Mem","founded":1970,"footnotes":null,"employees":{"2017":{"id":5574,"coid":"363261413","total":26200,"added":"2017-12-11T06:00:00.000Z","publishYear":2017}},"finances":{"2016":{"id":4355,"coid":"363261413","added":"2017-11-20T06:00:00.000Z","publishYear":2016,"fiscalYearEnd":"2015-12-31T06:00:00.000Z","annualReportDate":"2015-12-31T06:00:00.000Z","source":null,"contribGrants":null,"revenue":3937400000,"expenses":3738000000,"excess":199400000,"programServiceRevenue":null,"footnotes":null},"2017":{"id":4454,"coid":"363261413","added":"2017-12-11T06:00:00.000Z","publishYear":2017,"fiscalYearEnd":"2016-12-31T06:00:00.000Z","annualReportDate":"2016-12-31T06:00:00.000Z","source":"IRS 990","contribGrants":37924100,"revenue":4103550000,"expenses":4072740000,"excess":30813000,"programServiceRevenue":3973030000,"footnotes":""}},"officers":{"2016":{"coid":"363261413","dropped":0,"salut":null,"first":"Penny","middle":null,"last":"Wheeler","lineage":null,"title":"President & Chief Executive Officer","officerId":12065,"added":"2015-12-31T06:00:00.000Z","publishYear":2016,"fiscalYearEnd":"2015-12-31T06:00:00.000Z","salary":893591,"benefit":21237,"other":56508,"bonus":194250,"deferred":410987,"total":1576570,"salaryId":6032,"officerFootnotes":null,"salaryFootnotes":null,"hasImage":true},"2017":{"coid":"363261413","dropped":0,"salut":null,"first":"Penny","middle":null,"last":"Wheeler","lineage":null,"title":"President & Chief Executive Officer","officerId":12065,"added":"2017-12-11T06:00:00.000Z","publishYear":2017,"fiscalYearEnd":"2016-12-31T06:00:00.000Z","salary":971366,"benefit":21809,"other":28079,"bonus":436996,"deferred":590056,"total":2048310,"salaryId":6052,"officerFootnotes":null,"salaryFootnotes":null,"hasImage":true}},"hasLogo":true,"rank":5,"previousRank":5},{"coid":"410991680","added":"2017-11-21T06:00:00.000Z","company":"Fairview Health Services","companyType":"Charity hc","category":"healthcare","address1":"2450 Riverside Av","address2":null,"city":"Minneapolis","state":"MN","zip":"55454","www":"www.fairview.org","shortDesc":"An integrated health care network","history":"In 1996 the University of Minnesota agreed to sell its University Hospital to Fairview. Name changed from Fairview Hospital and Healthcare Services.","founded":1976,"footnotes":null,"employees":{"2017":{"id":5575,"coid":"410991680","total":32000,"added":"2017-12-11T06:00:00.000Z","publishYear":2017}},"finances":{"2016":{"id":4356,"coid":"410991680","added":"2017-11-20T06:00:00.000Z","publishYear":2016,"fiscalYearEnd":"2015-12-31T06:00:00.000Z","annualReportDate":"2015-12-31T06:00:00.000Z","source":null,"contribGrants":null,"revenue":3867600000,"expenses":3727400000,"excess":140100000,"programServiceRevenue":null,"footnotes":null},"2017":{"id":4455,"coid":"410991680","added":"2017-12-11T06:00:00.000Z","publishYear":2017,"fiscalYearEnd":"2017-12-31T06:00:00.000Z","annualReportDate":"2017-12-31T06:00:00.000Z","source":"IRS 990","contribGrants":4710190,"revenue":3487490000,"expenses":3152330000,"excess":335155000,"programServiceRevenue":3091540000,"footnotes":"Fairview Health Services and HealthEast Care System combined effective June 1, 2017.  James Hereford was appointed President/CEO effective December 12, 2016."}},"officers":{"2016":{"coid":"410991680","dropped":0,"salut":null,"first":"David","middle":null,"last":"Murphy","lineage":null,"title":"President & CEO","officerId":12066,"added":"2015-12-31T06:00:00.000Z","publishYear":2016,"fiscalYearEnd":"2015-12-31T06:00:00.000Z","salary":402770,"benefit":0,"other":3,"bonus":0,"deferred":0,"total":402773,"salaryId":6033,"officerFootnotes":null,"salaryFootnotes":null,"hasImage":true},"2017":{"coid":"410991680","dropped":0,"salut":null,"first":"David","middle":null,"last":"Murphy","lineage":null,"title":"President & CEO","officerId":12066,"added":"2017-12-11T06:00:00.000Z","publishYear":2017,"fiscalYearEnd":"2017-12-31T06:00:00.000Z","salary":924213,"benefit":51225,"other":0,"bonus":595000,"deferred":0,"total":1570440,"salaryId":6053,"officerFootnotes":null,"salaryFootnotes":null,"hasImage":true}},"hasLogo":true,"rank":6,"previousRank":6},{"coid":"200360007","added":"2017-11-21T06:00:00.000Z","company":"Essentia Health","companyType":"Charity hc","category":"healthcare","address1":"502 E 2nd St","address2":null,"city":"Duluth","state":"MN","zip":"55805","www":"www.essentiahealth.org","shortDesc":"A multistate nonprofit health care system","history":null,"founded":null,"footnotes":null,"employees":{"2017":{"id":5576,"coid":"200360007","total":15000,"added":"2017-12-11T06:00:00.000Z","publishYear":2017}},"finances":{"2016":{"id":4358,"coid":"200360007","added":"2017-11-20T06:00:00.000Z","publishYear":2016,"fiscalYearEnd":"2015-12-31T06:00:00.000Z","annualReportDate":"2015-12-31T06:00:00.000Z","source":null,"contribGrants":null,"revenue":1955600000,"expenses":1896100000,"excess":59500000,"programServiceRevenue":null,"footnotes":null},"2017":{"id":4456,"coid":"200360007","added":"2017-12-11T06:00:00.000Z","publishYear":2017,"fiscalYearEnd":"2017-06-30T05:00:00.000Z","annualReportDate":"2017-06-30T05:00:00.000Z","source":"Consolidated financial statement","contribGrants":2508000,"revenue":1990370000,"expenses":1957000000,"excess":33368000,"programServiceRevenue":1937030000,"footnotes":"This information is from Essentia Health's Consolidated Financial Statements."}},"officers":{"2016":{"coid":"200360007","dropped":0,"salut":null,"first":"Peter","middle":"E.","last":"Person","lineage":null,"title":"CEO","officerId":10654,"added":"2015-06-30T05:00:00.000Z","publishYear":2016,"fiscalYearEnd":"2015-06-30T05:00:00.000Z","salary":1020940,"benefit":25623,"other":199314,"bonus":357701,"deferred":430910,"total":2034490,"salaryId":5932,"officerFootnotes":null,"salaryFootnotes":null,"hasImage":false},"2017":{"coid":"200360007","dropped":0,"salut":null,"first":"David","middle":null,"last":"Herman","lineage":null,"title":"Chief Executive Officer","officerId":111823,"added":"2017-12-11T06:00:00.000Z","publishYear":2017,"fiscalYearEnd":"2017-06-30T05:00:00.000Z","salary":1024220,"benefit":4078,"other":48743,"bonus":459975,"deferred":209479,"total":1746490,"salaryId":6146,"officerFootnotes":null,"salaryFootnotes":null,"hasImage":true}},"hasLogo":true,"rank":7,"previousRank":8},{"coid":"363573805","added":"2017-11-21T06:00:00.000Z","company":"UCare","companyType":"Trust hc","category":"healthcare","address1":"Minneapolis","address2":"PO Box 52","city":"Minneapolis","state":"MN","zip":"55440-0052","www":"www.ucare.org","shortDesc":"A health plan serving individuals and families enrolled in state public programs, Medicare and marketplace insurance products.","history":"UCare Minnesota was issued a Certificatre of Authority in September 1989 by the Minnesota Department of Health to operate as a health maintenance organization.","founded":1987,"footnotes":null,"employees":{"2017":{"id":5577,"coid":"363573805","total":800,"added":"2017-12-11T06:00:00.000Z","publishYear":2017}},"finances":{"2016":{"id":4357,"coid":"363573805","added":"2017-11-20T06:00:00.000Z","publishYear":2016,"fiscalYearEnd":"2015-12-31T06:00:00.000Z","annualReportDate":"2015-12-31T06:00:00.000Z","source":null,"contribGrants":null,"revenue":3537500000,"expenses":3510600000,"excess":26900000,"programServiceRevenue":null,"footnotes":null},"2017":{"id":4457,"coid":"363573805","added":"2017-12-11T06:00:00.000Z","publishYear":2017,"fiscalYearEnd":"2016-12-31T06:00:00.000Z","annualReportDate":"2016-12-31T06:00:00.000Z","source":"IRS 990","contribGrants":133852,"revenue":1705250000,"expenses":1728830000,"excess":-23573600,"programServiceRevenue":1686190000,"footnotes":"UCare’s revenue from Medical Assistance and MinnesotaCare programs decreased significantly in 2016. The Department of Human Services did not renew contracts with UCare for these programs (with the exception of Olmsted County) following a competitive bidding process in 2015."}},"officers":{"2016":{"coid":"363573805","dropped":0,"salut":"Mr.","first":"James","middle":null,"last":"Eppel","lineage":"Jr.","title":"President/CEO","officerId":12067,"added":"2015-12-31T06:00:00.000Z","publishYear":2016,"fiscalYearEnd":"2015-12-31T06:00:00.000Z","salary":null,"benefit":null,"other":null,"bonus":null,"deferred":null,"total":446501,"salaryId":6034,"officerFootnotes":null,"salaryFootnotes":null,"hasImage":true},"2017":{"coid":"363573805","dropped":0,"salut":"Mr.","first":"James","middle":null,"last":"Eppel","lineage":"Jr.","title":"President/CEO","officerId":12067,"added":"2017-12-14T06:00:00.000Z","publishYear":2017,"fiscalYearEnd":"2016-12-31T06:00:00.000Z","salary":813573,"benefit":null,"other":null,"bonus":113309,"deferred":null,"total":926882,"salaryId":6178,"officerFootnotes":null,"salaryFootnotes":null,"hasImage":true}},"hasLogo":true,"rank":8,"previousRank":7},{"coid":"410695596","added":"2017-11-21T06:00:00.000Z","company":"CentraCare Health","companyType":"Trust hc","category":"healthcare","address1":"1406 Sixth Ave N","address2":null,"city":"St Cloud","state":"MN","zip":"56303","www":"CentraCare.com","shortDesc":"A health care system including St. Cloud Hospital, CentraCare Clinic, CentraCare Health Services, Sauk Centre, Melrose and Long Prairie","history":"St. Cloud Hospital and St. Cloud Clinic of Internal Medicine integrated in July 1995 to form CentraCare.","founded":1962,"footnotes":null,"employees":{"2017":{"id":5579,"coid":"410695596","total":9314,"added":"2017-12-11T06:00:00.000Z","publishYear":2017}},"finances":{"2016":{"id":4359,"coid":"410695596","added":"2017-11-20T06:00:00.000Z","publishYear":2016,"fiscalYearEnd":"2015-12-31T06:00:00.000Z","annualReportDate":"2015-12-31T06:00:00.000Z","source":null,"contribGrants":null,"revenue":1259600000,"expenses":1176500000,"excess":83200000,"programServiceRevenue":null,"footnotes":null},"2017":{"id":4459,"coid":"410695596","added":"2017-12-11T06:00:00.000Z","publishYear":2017,"fiscalYearEnd":"2016-06-30T05:00:00.000Z","annualReportDate":"2016-06-30T05:00:00.000Z","source":"IRS 990","contribGrants":5172650,"revenue":1243410000,"expenses":1229040000,"excess":14374800,"programServiceRevenue":1239400000,"footnotes":null}},"officers":{"2016":{"coid":"410695596","dropped":0,"salut":"Mr.","first":"Terence","middle":"R.","last":"Pladson","lineage":null,"title":"CEO","officerId":10110,"added":"2015-06-30T05:00:00.000Z","publishYear":2016,"fiscalYearEnd":"2015-06-30T05:00:00.000Z","salary":876657,"benefit":20998,"other":172292,"bonus":199174,"deferred":242933,"total":1512050,"salaryId":5919,"officerFootnotes":null,"salaryFootnotes":null,"hasImage":false},"2017":{"coid":"410695596","dropped":0,"salut":null,"first":"Kenneth","middle":null,"last":"Holmen","lineage":null,"title":"President/CEO","officerId":111825,"added":"2017-12-11T06:00:00.000Z","publishYear":2017,"fiscalYearEnd":"2016-06-30T05:00:00.000Z","salary":779021,"benefit":22096,"other":16030,"bonus":131040,"deferred":185139,"total":1133330,"salaryId":6148,"officerFootnotes":null,"salaryFootnotes":null,"hasImage":true}},"hasLogo":true,"rank":9,"previousRank":9},{"coid":"411560657","added":"2017-11-21T06:00:00.000Z","company":"HealthEast","companyType":"Charity hc","category":"healthcare","address1":"1700 University Ave W","address2":null,"city":"St Paul","state":"MN","zip":"55104","www":"http://www.healtheast.org","shortDesc":"An integrated health care system","history":null,"founded":1986,"footnotes":null,"employees":{"2017":{"id":5588,"coid":"411560657","total":7500,"added":"2017-12-11T06:00:00.000Z","publishYear":2017}},"finances":{"2016":{"id":4360,"coid":"411560657","added":"2017-11-20T06:00:00.000Z","publishYear":2016,"fiscalYearEnd":"2015-12-31T06:00:00.000Z","annualReportDate":"2015-12-31T06:00:00.000Z","source":null,"contribGrants":null,"revenue":974000000,"expenses":949200000,"excess":17800000,"programServiceRevenue":null,"footnotes":null},"2017":{"id":4468,"coid":"411560657","added":"2017-12-11T06:00:00.000Z","publishYear":2017,"fiscalYearEnd":"2016-08-31T05:00:00.000Z","annualReportDate":"2016-08-31T05:00:00.000Z","source":"IRS 990","contribGrants":1566560,"revenue":995311000,"expenses":1002350000,"excess":-7034000,"programServiceRevenue":968937000,"footnotes":"HealthEast combined with Fairview Health Services in June 2017. \nFairview is the parent company with HealthEast and its entities falling under the Fairview umbrella. The financial information was sourced from the HealthEast audited consolidated statements for the fiscal year ending 8-31-16, Excess is loss from operations"}},"officers":{"2016":{"coid":"411560657","dropped":0,"salut":null,"first":"Kathryn","middle":null,"last":"Correia","lineage":null,"title":"President/CEO","officerId":11894,"added":"2015-08-31T05:00:00.000Z","publishYear":2016,"fiscalYearEnd":"2015-08-31T05:00:00.000Z","salary":783177,"benefit":18080,"other":6687,"bonus":258632,"deferred":156467,"total":1223040,"salaryId":5998,"officerFootnotes":null,"salaryFootnotes":null,"hasImage":true},"2017":{"coid":"411560657","dropped":0,"salut":null,"first":"Kathryn","middle":null,"last":"Correia","lineage":null,"title":"President/CEO","officerId":11894,"added":"2017-12-12T06:00:00.000Z","publishYear":2017,"fiscalYearEnd":"2016-08-31T05:00:00.000Z","salary":null,"benefit":null,"other":null,"bonus":null,"deferred":null,"total":1086980,"salaryId":6168,"officerFootnotes":null,"salaryFootnotes":null,"hasImage":true}},"hasLogo":true,"rank":10,"previousRank":10},{"coid":"421707837","added":"2017-11-21T06:00:00.000Z","company":"Hennepin Healthcare System Inc.","companyType":"Charity hc","category":"healthcare","address1":"701 Park Av","address2":null,"city":"Minneapolis","state":"MN","zip":"55415","www":"hcmc.org","shortDesc":"A comprehensive academic medical center, public teaching hospital, primary and specialty care clinics system, home nursing, hospice, and Level l Adult and Pediatric Trauma Center. A component unit of Hennepin County.","history":null,"founded":null,"footnotes":null,"employees":{"2017":{"id":5580,"coid":"421707837","total":8376,"added":"2017-12-11T06:00:00.000Z","publishYear":2017}},"finances":{"2016":{"id":4361,"coid":"421707837","added":"2017-11-20T06:00:00.000Z","publishYear":2016,"fiscalYearEnd":"2015-12-31T06:00:00.000Z","annualReportDate":"2015-12-31T06:00:00.000Z","source":null,"contribGrants":null,"revenue":916800000,"expenses":888200000,"excess":28600000,"programServiceRevenue":null,"footnotes":null},"2017":{"id":4460,"coid":"421707837","added":"2017-12-11T06:00:00.000Z","publishYear":2017,"fiscalYearEnd":"2016-12-31T06:00:00.000Z","annualReportDate":"2016-12-31T06:00:00.000Z","source":"IRS 990","contribGrants":60669400,"revenue":972075000,"expenses":1002150000,"excess":-30071600,"programServiceRevenue":910100000,"footnotes":null}},"officers":{"2016":{"coid":"421707837","dropped":0,"salut":null,"first":"Jon","middle":null,"last":"Pryor","lineage":null,"title":"CEO","officerId":12019,"added":"2015-12-31T06:00:00.000Z","publishYear":2016,"fiscalYearEnd":"2015-12-31T06:00:00.000Z","salary":764675,"benefit":16435,"other":516,"bonus":68804,"deferred":39750,"total":890180,"salaryId":6030,"officerFootnotes":null,"salaryFootnotes":null,"hasImage":true},"2017":{"coid":"421707837","dropped":0,"salut":null,"first":"Jon","middle":null,"last":"Pryor","lineage":null,"title":"CEO","officerId":12019,"added":"2017-12-11T06:00:00.000Z","publishYear":2017,"fiscalYearEnd":"2016-12-31T06:00:00.000Z","salary":757546,"benefit":16953,"other":792,"bonus":62688,"deferred":39750,"total":877729,"salaryId":6055,"officerFootnotes":null,"salaryFootnotes":null,"hasImage":true}},"hasLogo":true,"rank":11,"previousRank":11},{"coid":"410729979","added":"2017-11-21T06:00:00.000Z","company":"North Memorial Health Care","companyType":"Charity hc","category":"healthcare","address1":"3300 Oakdale Ave N","address2":null,"city":"Robbinsdale","state":"MN","zip":"55422","www":"www.northmemorial.com","shortDesc":"An independent health care system","history":null,"founded":1954,"footnotes":null,"employees":{"2017":{"id":5581,"coid":"410729979","total":6090,"added":"2017-12-11T06:00:00.000Z","publishYear":2017}},"finances":{"2016":{"id":4362,"coid":"410729979","added":"2017-11-20T06:00:00.000Z","publishYear":2016,"fiscalYearEnd":"2015-12-31T06:00:00.000Z","annualReportDate":"2015-12-31T06:00:00.000Z","source":null,"contribGrants":null,"revenue":839200000,"expenses":831500000,"excess":8600000,"programServiceRevenue":null,"footnotes":null},"2017":{"id":4461,"coid":"410729979","added":"2017-12-11T06:00:00.000Z","publishYear":2017,"fiscalYearEnd":"2016-12-31T06:00:00.000Z","annualReportDate":"2016-12-31T06:00:00.000Z","source":"Consolidated financial statement","contribGrants":575578,"revenue":896215000,"expenses":893934000,"excess":24422400,"programServiceRevenue":895639000,"footnotes":"North Memorial Health Care information is taken from the consolidated financial statement which includes North Memorial Medical Center and Maple Grove Hospital."}},"officers":{"2016":{"coid":"410729979","dropped":0,"salut":null,"first":"Dr. J. Kevin","middle":null,"last":"Croston","lineage":null,"title":"CEO","officerId":11959,"added":"2015-12-31T06:00:00.000Z","publishYear":2016,"fiscalYearEnd":"2015-12-31T06:00:00.000Z","salary":597577,"benefit":29157,"other":151690,"bonus":188663,"deferred":18550,"total":985637,"salaryId":6012,"officerFootnotes":null,"salaryFootnotes":null,"hasImage":true},"2017":{"coid":"410729979","dropped":0,"salut":null,"first":"Dr. J. Kevin","middle":null,"last":"Croston","lineage":null,"title":"CEO","officerId":11959,"added":"2017-12-11T06:00:00.000Z","publishYear":2017,"fiscalYearEnd":"2016-12-31T06:00:00.000Z","salary":705969,"benefit":30161,"other":7125,"bonus":279409,"deferred":18550,"total":1041210,"salaryId":6056,"officerFootnotes":null,"salaryFootnotes":null,"hasImage":true}},"hasLogo":true,"rank":12,"previousRank":12},{"coid":"2533","added":"2017-11-21T06:00:00.000Z","company":"Children's Minnesota","companyType":"Nonprofits hc","category":"healthcare","address1":"2525 Chicago Av S","address2":null,"city":"Minneapolis","state":"MN","zip":"55404","www":"https://www.childrensmn.org","shortDesc":"A speciality hospital that champions the special health needs of children and their families and is committed to providing high-quality, family centered pediatric services.","history":null,"founded":null,"footnotes":null,"employees":{"2017":{"id":5582,"coid":"2533","total":5536,"added":"2017-12-11T06:00:00.000Z","publishYear":2017}},"finances":{"2016":{"id":4363,"coid":"2533","added":"2017-11-20T06:00:00.000Z","publishYear":2016,"fiscalYearEnd":"2015-12-31T06:00:00.000Z","annualReportDate":"2015-12-31T06:00:00.000Z","source":null,"contribGrants":null,"revenue":801500000,"expenses":728200000,"excess":73300000,"programServiceRevenue":null,"footnotes":null},"2017":{"id":4462,"coid":"2533","added":"2017-12-11T06:00:00.000Z","publishYear":2017,"fiscalYearEnd":"2016-12-31T06:00:00.000Z","annualReportDate":"2016-12-31T06:00:00.000Z","source":"IRS 990","contribGrants":30780600,"revenue":843622000,"expenses":787865000,"excess":55757000,"programServiceRevenue":786610000,"footnotes":null}},"officers":{"2016":{"coid":"2533","dropped":0,"salut":null,"first":"Robert","middle":null,"last":"Bonar","lineage":"Jr.","title":"CEO","officerId":12068,"added":"2015-12-31T06:00:00.000Z","publishYear":2016,"fiscalYearEnd":"2015-12-31T06:00:00.000Z","salary":817011,"benefit":17396,"other":185354,"bonus":0,"deferred":180988,"total":1200750,"salaryId":6035,"officerFootnotes":null,"salaryFootnotes":null,"hasImage":true},"2017":{"coid":"2533","dropped":0,"salut":null,"first":"Robert","middle":null,"last":"Bonar","lineage":"Jr.","title":"CEO","officerId":12068,"added":"2017-12-14T06:00:00.000Z","publishYear":2017,"fiscalYearEnd":"2016-12-31T06:00:00.000Z","salary":827671,"benefit":17881,"other":65950,"bonus":403224,"deferred":182092,"total":1496820,"salaryId":6179,"officerFootnotes":null,"salaryFootnotes":null,"hasImage":true}},"hasLogo":true,"rank":13,"previousRank":13},{"coid":"411843943","added":"2017-11-21T06:00:00.000Z","company":"University of Minnesota Physicians","companyType":"Charity hc","category":"healthcare","address1":"720 Washington Ave SE","address2":"Suite 200","city":"Minneapolis","state":"MN","zip":"55414","www":"www.umphysicians.org","shortDesc":"University of Minnesota Physicians is the multi-specialty physician organization providing quality patient focused care.","history":null,"founded":1996,"footnotes":null,"employees":{"2017":{"id":5583,"coid":"411843943","total":3258,"added":"2017-12-11T06:00:00.000Z","publishYear":2017}},"finances":{"2016":{"id":4364,"coid":"411843943","added":"2017-11-20T06:00:00.000Z","publishYear":2016,"fiscalYearEnd":"2015-12-31T06:00:00.000Z","annualReportDate":"2015-12-31T06:00:00.000Z","source":null,"contribGrants":null,"revenue":482200000,"expenses":471600000,"excess":10600000,"programServiceRevenue":null,"footnotes":null},"2017":{"id":4463,"coid":"411843943","added":"2017-12-11T06:00:00.000Z","publishYear":2017,"fiscalYearEnd":"2016-06-30T05:00:00.000Z","annualReportDate":"2016-06-30T05:00:00.000Z","source":"IRS 990","contribGrants":0,"revenue":521783000,"expenses":517853000,"excess":3930830,"programServiceRevenue":520799000,"footnotes":null}},"officers":{"2016":{"coid":"411843943","dropped":0,"salut":"Ms.","first":"Barbara","middle":null,"last":"Daniels","lineage":null,"title":"CEO","officerId":11631,"added":"2015-06-30T05:00:00.000Z","publishYear":2016,"fiscalYearEnd":"2015-06-30T05:00:00.000Z","salary":482950,"benefit":10032,"other":21912,"bonus":0,"deferred":70269,"total":585163,"salaryId":5972,"officerFootnotes":null,"salaryFootnotes":null,"hasImage":true},"2017":{"coid":"411843943","dropped":0,"salut":"Ms.","first":"Barbara","middle":null,"last":"Daniels","lineage":null,"title":"CEO","officerId":11631,"added":"2017-12-11T06:00:00.000Z","publishYear":2017,"fiscalYearEnd":"2016-06-30T05:00:00.000Z","salary":528325,"benefit":16681,"other":21729,"bonus":169661,"deferred":73340,"total":809736,"salaryId":6057,"officerFootnotes":null,"salaryFootnotes":null,"hasImage":true}},"hasLogo":true,"rank":14,"previousRank":14},{"coid":"410714079","added":"2017-11-21T06:00:00.000Z","company":"St. Luke's Hospital of Duluth","companyType":"Charity hc","category":"healthcare","address1":"915 E First St","address2":null,"city":"Duluth","state":"MN","zip":"55805","www":"http://www.slhduluth.com/","shortDesc":"To serve as a leading healthcare provider of quality healthcare services in our surrounding region.","history":null,"founded":1881,"footnotes":null,"employees":{"2017":{"id":5584,"coid":"410714079","total":3146,"added":"2017-12-11T06:00:00.000Z","publishYear":2017}},"finances":{"2016":{"id":4365,"coid":"410714079","added":"2017-11-20T06:00:00.000Z","publishYear":2016,"fiscalYearEnd":"2015-12-31T06:00:00.000Z","annualReportDate":"2015-12-31T06:00:00.000Z","source":null,"contribGrants":null,"revenue":409100000,"expenses":394800000,"excess":14300000,"programServiceRevenue":null,"footnotes":null},"2017":{"id":4464,"coid":"410714079","added":"2017-12-11T06:00:00.000Z","publishYear":2017,"fiscalYearEnd":"2016-12-31T06:00:00.000Z","annualReportDate":"2016-12-31T06:00:00.000Z","source":"IRS 990","contribGrants":1286780,"revenue":431938000,"expenses":424788000,"excess":7150020,"programServiceRevenue":425342000,"footnotes":null}},"officers":{"2016":{"coid":"410714079","dropped":0,"salut":"Mr.","first":"John","middle":null,"last":"Strange","lineage":null,"title":"President/CEO","officerId":10461,"added":"2015-12-31T06:00:00.000Z","publishYear":2016,"fiscalYearEnd":"2015-12-31T06:00:00.000Z","salary":648724,"benefit":138914,"other":3886,"bonus":0,"deferred":11323,"total":802847,"salaryId":5923,"officerFootnotes":null,"salaryFootnotes":null,"hasImage":true},"2017":{"coid":"410714079","dropped":0,"salut":"Mr.","first":"John","middle":null,"last":"Strange","lineage":null,"title":"President/CEO","officerId":10461,"added":"2017-12-11T06:00:00.000Z","publishYear":2017,"fiscalYearEnd":"2016-12-31T06:00:00.000Z","salary":663097,"benefit":155741,"other":144463,"bonus":0,"deferred":11278,"total":818838,"salaryId":6058,"officerFootnotes":null,"salaryFootnotes":null,"hasImage":true}},"hasLogo":true,"rank":15,"previousRank":15},{"coid":"840865803","added":"2017-11-21T06:00:00.000Z","company":"National Marrow Donor Program","companyType":"Charity hc","category":"healthcare","address1":"500 N 5th St","address2":null,"city":"Minneapolis","state":"MN","zip":"55401","www":"https://bethematch.org/","shortDesc":"Facilitates marrow and umbilical cord blood transplants","history":null,"founded":1981,"footnotes":null,"employees":{"2017":{"id":5585,"coid":"840865803","total":1116,"added":"2017-12-11T06:00:00.000Z","publishYear":2017}},"finances":{"2016":{"id":4366,"coid":"840865803","added":"2017-11-20T06:00:00.000Z","publishYear":2016,"fiscalYearEnd":"2015-12-31T06:00:00.000Z","annualReportDate":"2015-12-31T06:00:00.000Z","source":null,"contribGrants":null,"revenue":397600000,"expenses":375300000,"excess":22300000,"programServiceRevenue":null,"footnotes":null},"2017":{"id":4465,"coid":"840865803","added":"2017-12-11T06:00:00.000Z","publishYear":2017,"fiscalYearEnd":"2016-09-30T05:00:00.000Z","annualReportDate":"2016-09-30T05:00:00.000Z","source":"IRS 990","contribGrants":51087400,"revenue":391960000,"expenses":370486000,"excess":21474200,"programServiceRevenue":339752000,"footnotes":null}},"officers":{"2016":{"coid":"840865803","dropped":0,"salut":null,"first":"Dr. Jeffrey","middle":null,"last":"Chell","lineage":null,"title":"CEO","officerId":10777,"added":"2015-09-30T05:00:00.000Z","publishYear":2016,"fiscalYearEnd":"2015-09-30T05:00:00.000Z","salary":559207,"benefit":18919,"other":109149,"bonus":421342,"deferred":23354,"total":1131970,"salaryId":5936,"officerFootnotes":"named CEO on July 1, 2000","salaryFootnotes":null,"hasImage":true},"2017":{"coid":"840865803","dropped":0,"salut":null,"first":"Dr. Jeffrey","middle":null,"last":"Chell","lineage":null,"title":"CEO","officerId":10777,"added":"2017-12-12T06:00:00.000Z","publishYear":2017,"fiscalYearEnd":"2016-09-30T05:00:00.000Z","salary":null,"benefit":null,"other":null,"bonus":null,"deferred":null,"total":986996,"salaryId":6167,"officerFootnotes":"named CEO on July 1, 2000","salaryFootnotes":null,"hasImage":true}},"hasLogo":true,"rank":16,"previousRank":16},{"coid":"410693970","added":"2017-11-21T06:00:00.000Z","company":"University of St. Thomas","companyType":"Trust ee","category":"education","address1":"2115 Summit Ave","address2":null,"city":"St Paul","state":"MN","zip":"55105","www":"www.stthomas.edu","shortDesc":"A comprehensive, coeducational, Catholic university","history":null,"founded":1885,"footnotes":null,"employees":{"2017":{"id":5586,"coid":"410693970","total":6186,"added":"2017-12-11T06:00:00.000Z","publishYear":2017}},"finances":{"2016":{"id":4367,"coid":"410693970","added":"2017-11-20T06:00:00.000Z","publishYear":2016,"fiscalYearEnd":"2015-12-31T06:00:00.000Z","annualReportDate":"2015-12-31T06:00:00.000Z","source":null,"contribGrants":null,"revenue":359900000,"expenses":342600000,"excess":17300000,"programServiceRevenue":null,"footnotes":null},"2017":{"id":4466,"coid":"410693970","added":"2017-12-11T06:00:00.000Z","publishYear":2017,"fiscalYearEnd":"2016-06-30T05:00:00.000Z","annualReportDate":"2016-06-30T05:00:00.000Z","source":"IRS 990","contribGrants":26426700,"revenue":371762000,"expenses":373976000,"excess":-2213590,"programServiceRevenue":314680000,"footnotes":null}},"officers":{"2016":{"coid":"410693970","dropped":0,"salut":"Dr.","first":"Julie","middle":null,"last":"Sullivan","lineage":null,"title":"President","officerId":10528,"added":"2015-06-30T05:00:00.000Z","publishYear":2016,"fiscalYearEnd":"2015-06-30T05:00:00.000Z","salary":635535,"benefit":28835,"other":940,"bonus":0,"deferred":24440,"total":689750,"salaryId":6016,"officerFootnotes":null,"salaryFootnotes":null,"hasImage":true},"2017":{"coid":"410693970","dropped":0,"salut":"Dr.","first":"Julie","middle":null,"last":"Sullivan","lineage":null,"title":"President","officerId":10528,"added":"2017-12-11T06:00:00.000Z","publishYear":2017,"fiscalYearEnd":"2016-06-30T05:00:00.000Z","salary":553267,"benefit":38166,"other":25309,"bonus":50000,"deferred":48410,"total":715152,"salaryId":6059,"officerFootnotes":null,"salaryFootnotes":null,"hasImage":true}},"hasLogo":true,"rank":17,"previousRank":17},{"coid":"411500288","added":"2017-11-21T06:00:00.000Z","company":"Presbyterian Homes and Services","companyType":"Charity hc","category":"healthcare","address1":"2845 Hamline Ave","address2":null,"city":"Roseville","state":"MN","zip":"55113","www":"www.preshomes.org","shortDesc":"Provides housing, healthcare and related services to older adults","history":null,"founded":1984,"footnotes":null,"employees":{"2017":{"id":5587,"coid":"411500288","total":6600,"added":"2017-12-11T06:00:00.000Z","publishYear":2017}},"finances":{"2016":{"id":4368,"coid":"411500288","added":"2017-11-20T06:00:00.000Z","publishYear":2016,"fiscalYearEnd":"2015-12-31T06:00:00.000Z","annualReportDate":"2015-12-31T06:00:00.000Z","source":null,"contribGrants":null,"revenue":340500000,"expenses":323200000,"excess":17300000,"programServiceRevenue":null,"footnotes":null},"2017":{"id":4467,"coid":"411500288","added":"2017-12-11T06:00:00.000Z","publishYear":2017,"fiscalYearEnd":"2016-09-30T05:00:00.000Z","annualReportDate":"2016-09-30T05:00:00.000Z","source":"Consolidated financial statement","contribGrants":5474000,"revenue":369100000,"expenses":351763000,"excess":17337000,"programServiceRevenue":363626000,"footnotes":"Fiscal Year 9/30/16 audited numbers"}},"officers":{"2016":{"coid":"411500288","dropped":0,"salut":"Mr.","first":"Daniel","middle":"A.","last":"Lindh","lineage":null,"title":"Chief Executive Officer","officerId":10378,"added":"2015-09-30T05:00:00.000Z","publishYear":2016,"fiscalYearEnd":"2015-09-30T05:00:00.000Z","salary":652723,"benefit":12637,"other":null,"bonus":null,"deferred":133171,"total":798531,"salaryId":5922,"officerFootnotes":null,"salaryFootnotes":null,"hasImage":false},"2017":{"coid":"411500288","dropped":0,"salut":"Mr.","first":"Daniel","middle":"A.","last":"Lindh","lineage":null,"title":"Chief Executive Officer","officerId":10378,"added":"2017-12-11T06:00:00.000Z","publishYear":2017,"fiscalYearEnd":"2016-09-30T05:00:00.000Z","salary":756959,"benefit":20507,"other":null,"bonus":null,"deferred":140118,"total":917584,"salaryId":6060,"officerFootnotes":null,"salaryFootnotes":null,"hasImage":false}},"hasLogo":true,"rank":18,"previousRank":18},{"coid":"411531892","added":"2017-11-21T06:00:00.000Z","company":"Benedictine Health System","companyType":"Charity hc","category":"healthcare","address1":"503 E Third St","address2":"Suite 400","city":"Duluth","state":"MN","zip":"55805","www":"www.bhshealth.org","shortDesc":"A Catholic, non-profit health system offering a full spectrum of health and housing services to aging adults. BHS owns and manages more than 40 senior living communities in five Midwestern states.","history":"Benedictine Health System became independent of Essentia Health, effective Jan. 1, 2008. The acute care facilities that were formally a part of BHS remained with Essentia Health.","founded":1985,"footnotes":null,"employees":{"2017":{"id":5589,"coid":"411531892","total":4362,"added":"2017-12-11T06:00:00.000Z","publishYear":2017}},"finances":{"2016":{"id":4370,"coid":"411531892","added":"2017-11-20T06:00:00.000Z","publishYear":2016,"fiscalYearEnd":"2015-12-31T06:00:00.000Z","annualReportDate":"2015-12-31T06:00:00.000Z","source":null,"contribGrants":null,"revenue":237000000,"expenses":235700000,"excess":2300000,"programServiceRevenue":null,"footnotes":null},"2017":{"id":4469,"coid":"411531892","added":"2017-12-11T06:00:00.000Z","publishYear":2017,"fiscalYearEnd":"2016-06-30T05:00:00.000Z","annualReportDate":"2016-06-30T05:00:00.000Z","source":"Consolidated financial statement","contribGrants":3348000,"revenue":253012000,"expenses":258273000,"excess":-5261000,"programServiceRevenue":238911000,"footnotes":"Jerry Carley has been named as president/CEO of Benedictine Health System, effective Jan. 3, 2018. Rocklon “Rocky” Chapin announced his retirement in March 2017."}},"officers":{"2016":{"coid":"411531892","dropped":0,"salut":null,"first":"Rocklon \"Rocky\"","middle":null,"last":"Chapin","lineage":null,"title":"President/CEO","officerId":11958,"added":"2015-06-30T05:00:00.000Z","publishYear":2016,"fiscalYearEnd":"2015-06-30T05:00:00.000Z","salary":377601,"benefit":13057,"other":92347,"bonus":0,"deferred":84709,"total":567714,"salaryId":6011,"officerFootnotes":null,"salaryFootnotes":null,"hasImage":true},"2017":{"coid":"411531892","dropped":0,"salut":null,"first":"Rocklon \"Rocky\"","middle":null,"last":"Chapin","lineage":null,"title":"President/CEO","officerId":11958,"added":"2017-12-11T06:00:00.000Z","publishYear":2017,"fiscalYearEnd":"2016-06-30T05:00:00.000Z","salary":391184,"benefit":9183,"other":95855,"bonus":0,"deferred":91486,"total":587708,"salaryId":6061,"officerFootnotes":null,"salaryFootnotes":null,"hasImage":true}},"hasLogo":true,"rank":19,"previousRank":20},{"coid":"363379150","added":"2017-11-21T06:00:00.000Z","company":"Gillette Children's Specialty Healthcare","companyType":"Charity hc","category":"healthcare","address1":"200 E University Ave","address2":null,"city":"St Paul","state":"MN","zip":"55101","www":"Gillettechildrens.org","shortDesc":"Diagnosis and treatment of children and adolescents with disabilities","history":null,"founded":1997,"footnotes":null,"employees":{"2017":{"id":5590,"coid":"363379150","total":1430,"added":"2017-12-11T06:00:00.000Z","publishYear":2017}},"finances":{"2016":{"id":4369,"coid":"363379150","added":"2017-11-20T06:00:00.000Z","publishYear":2016,"fiscalYearEnd":"2015-12-31T06:00:00.000Z","annualReportDate":"2015-12-31T06:00:00.000Z","source":null,"contribGrants":null,"revenue":240200000,"expenses":223600000,"excess":16600000,"programServiceRevenue":null,"footnotes":null},"2017":{"id":4470,"coid":"363379150","added":"2017-12-11T06:00:00.000Z","publishYear":2017,"fiscalYearEnd":"2016-12-31T06:00:00.000Z","annualReportDate":"2016-12-31T06:00:00.000Z","source":"IRS 990","contribGrants":4324510,"revenue":243168000,"expenses":232481000,"excess":10687700,"programServiceRevenue":236737000,"footnotes":null}},"officers":{"2016":{"coid":"363379150","dropped":0,"salut":null,"first":"Barbara","middle":null,"last":"Joers","lineage":null,"title":"President/CEO","officerId":11946,"added":"2015-12-31T06:00:00.000Z","publishYear":2016,"fiscalYearEnd":"2015-12-31T06:00:00.000Z","salary":499224,"benefit":39098,"other":67004,"bonus":78578,"deferred":29397,"total":713301,"salaryId":6008,"officerFootnotes":null,"salaryFootnotes":null,"hasImage":true},"2017":{"coid":"363379150","dropped":0,"salut":null,"first":"Barbara","middle":null,"last":"Joers","lineage":null,"title":"President/CEO","officerId":11946,"added":"2017-12-11T06:00:00.000Z","publishYear":2017,"fiscalYearEnd":"2016-12-31T06:00:00.000Z","salary":512860,"benefit":32758,"other":76292,"bonus":208739,"deferred":39723,"total":870372,"salaryId":6062,"officerFootnotes":null,"salaryFootnotes":null,"hasImage":true}},"hasLogo":true,"rank":20,"previousRank":19},{"coid":"311667875","added":"2017-11-21T06:00:00.000Z","company":"Ridgeview Medical Center","companyType":"Charity hc","category":"healthcare","address1":"500 South Maple Street","address2":null,"city":"Waconia","state":"MN","zip":"55387","www":"www.ridgeviewmedical.org","shortDesc":"An independent, regional health care system that includes three hospitals","history":null,"founded":1963,"footnotes":null,"employees":{"2017":{"id":5591,"coid":"311667875","total":1999,"added":"2017-12-11T06:00:00.000Z","publishYear":2017}},"finances":{"2016":{"id":4371,"coid":"311667875","added":"2017-11-20T06:00:00.000Z","publishYear":2016,"fiscalYearEnd":"2015-12-31T06:00:00.000Z","annualReportDate":"2015-12-31T06:00:00.000Z","source":null,"contribGrants":null,"revenue":224300000,"expenses":220800000,"excess":3500000,"programServiceRevenue":null,"footnotes":null},"2017":{"id":4471,"coid":"311667875","added":"2017-12-11T06:00:00.000Z","publishYear":2017,"fiscalYearEnd":"2016-12-31T06:00:00.000Z","annualReportDate":"2016-12-31T06:00:00.000Z","source":"IRS 990","contribGrants":1072450,"revenue":240186000,"expenses":236345000,"excess":3841460,"programServiceRevenue":216719000,"footnotes":null}},"officers":{"2016":{"coid":"311667875","dropped":0,"salut":null,"first":"Robert","middle":null,"last":"Stevens","lineage":null,"title":"President/CEO","officerId":9785,"added":"2015-12-31T06:00:00.000Z","publishYear":2016,"fiscalYearEnd":"2015-12-31T06:00:00.000Z","salary":null,"benefit":null,"other":null,"bonus":null,"deferred":null,"total":479589,"salaryId":5913,"officerFootnotes":null,"salaryFootnotes":null,"hasImage":true},"2017":{"coid":"311667875","dropped":0,"salut":null,"first":"Robert","middle":null,"last":"Stevens","lineage":null,"title":"President/CEO","officerId":9785,"added":"2017-12-11T06:00:00.000Z","publishYear":2017,"fiscalYearEnd":"2016-12-31T06:00:00.000Z","salary":430374,"benefit":13218,"other":2890,"bonus":0,"deferred":9873,"total":456355,"salaryId":6063,"officerFootnotes":null,"salaryFootnotes":null,"hasImage":true}},"hasLogo":true,"rank":21,"previousRank":21},{"coid":"410694747","added":"2017-11-21T06:00:00.000Z","company":"Carleton College","companyType":"Trust ee","category":"education","address1":"One North College St","address2":null,"city":"Northfield","state":"MN","zip":"55057","www":"www.carleton.edu","shortDesc":"A coeducational, residential,  liberal arts college","history":null,"founded":1866,"footnotes":null,"employees":{"2017":{"id":5592,"coid":"410694747","total":2916,"added":"2017-12-11T06:00:00.000Z","publishYear":2017}},"finances":{"2016":{"id":4373,"coid":"410694747","added":"2017-11-20T06:00:00.000Z","publishYear":2016,"fiscalYearEnd":"2015-12-31T06:00:00.000Z","annualReportDate":"2015-12-31T06:00:00.000Z","source":null,"contribGrants":null,"revenue":210600000,"expenses":169000000,"excess":41600000,"programServiceRevenue":null,"footnotes":null},"2017":{"id":4472,"coid":"410694747","added":"2017-12-11T06:00:00.000Z","publishYear":2017,"fiscalYearEnd":"2016-12-31T06:00:00.000Z","annualReportDate":"2016-12-31T06:00:00.000Z","source":"IRS 990","contribGrants":40592200,"revenue":213597000,"expenses":177273000,"excess":36234100,"programServiceRevenue":124741000,"footnotes":"The college incurred unrealized losses on investments in FY16 of $57.8 million"}},"officers":{"2016":{"coid":"410694747","dropped":0,"salut":null,"first":"Steven","middle":"G.","last":"Poskanzer","lineage":null,"title":"President","officerId":11691,"added":"2015-06-30T05:00:00.000Z","publishYear":2016,"fiscalYearEnd":"2015-06-30T05:00:00.000Z","salary":403107,"benefit":105481,"other":21387,"bonus":0,"deferred":25500,"total":555475,"salaryId":5982,"officerFootnotes":null,"salaryFootnotes":null,"hasImage":true},"2017":{"coid":"410694747","dropped":0,"salut":null,"first":"Steven","middle":"G.","last":"Poskanzer","lineage":null,"title":"President","officerId":11691,"added":"2017-12-11T06:00:00.000Z","publishYear":2017,"fiscalYearEnd":"2016-12-31T06:00:00.000Z","salary":417602,"benefit":97385,"other":22653,"bonus":0,"deferred":26500,"total":564140,"salaryId":6064,"officerFootnotes":null,"salaryFootnotes":null,"hasImage":true}},"hasLogo":true,"rank":22,"previousRank":23},{"coid":"410855367","added":"2017-11-21T06:00:00.000Z","company":"Olmsted Medical Center","companyType":"Charity hc","category":"healthcare","address1":"210 Ninth Street SE","address2":null,"city":"Rochester","state":"MN","zip":"55904","www":"www.olmmed.org","shortDesc":"An integrated health care system including a 61 bed hospital.","history":null,"founded":null,"footnotes":null,"employees":{"2017":{"id":5593,"coid":"410855367","total":1419,"added":"2017-12-11T06:00:00.000Z","publishYear":2017}},"finances":{"2016":{"id":4376,"coid":"410855367","added":"2017-11-20T06:00:00.000Z","publishYear":2016,"fiscalYearEnd":"2015-12-31T06:00:00.000Z","annualReportDate":"2015-12-31T06:00:00.000Z","source":null,"contribGrants":null,"revenue":194400000,"expenses":179300000,"excess":15100000,"programServiceRevenue":null,"footnotes":null},"2017":{"id":4473,"coid":"410855367","added":"2017-12-11T06:00:00.000Z","publishYear":2017,"fiscalYearEnd":"2016-12-31T06:00:00.000Z","annualReportDate":"2016-12-31T06:00:00.000Z","source":"IRS 990","contribGrants":397060,"revenue":205269000,"expenses":183780000,"excess":21489400,"programServiceRevenue":201908000,"footnotes":null}},"officers":{"2016":{"coid":"410855367","dropped":0,"salut":null,"first":"Kathryn","middle":null,"last":"Lombardo","lineage":null,"title":"President","officerId":11966,"added":"2015-12-31T06:00:00.000Z","publishYear":2016,"fiscalYearEnd":"2015-12-31T06:00:00.000Z","salary":475803,"benefit":0,"other":10471,"bonus":72603,"deferred":24700,"total":583577,"salaryId":6019,"officerFootnotes":null,"salaryFootnotes":null,"hasImage":true},"2017":{"coid":"410855367","dropped":0,"salut":null,"first":"Kathryn","middle":null,"last":"Lombardo","lineage":null,"title":"President","officerId":11966,"added":"2017-12-11T06:00:00.000Z","publishYear":2017,"fiscalYearEnd":"2016-12-31T06:00:00.000Z","salary":489953,"benefit":10090,"other":1000,"bonus":78098,"deferred":25175,"total":604316,"salaryId":6065,"officerFootnotes":null,"salaryFootnotes":null,"hasImage":true}},"hasLogo":true,"rank":23,"previousRank":26},{"coid":"42296967","added":"2017-11-21T06:00:00.000Z","company":"Scholarship America","companyType":"Charity ee","category":"education","address1":"7900 International Drive","address2":"Suite 500","city":"Bloomington","state":"MN","zip":"55425","www":"www.scholarshipamerica.org","shortDesc":"A scholarship and education support organization","history":"Changed name from Citizens' Scholarship Foundation of America Inc.","founded":1982,"footnotes":null,"employees":{"2017":{"id":5594,"coid":"42296967","total":170,"added":"2017-12-11T06:00:00.000Z","publishYear":2017}},"finances":{"2016":{"id":4374,"coid":"42296967","added":"2017-11-20T06:00:00.000Z","publishYear":2016,"fiscalYearEnd":"2015-12-31T06:00:00.000Z","annualReportDate":"2015-12-31T06:00:00.000Z","source":null,"contribGrants":null,"revenue":210300000,"expenses":218000000,"excess":-7700000,"programServiceRevenue":null,"footnotes":null},"2017":{"id":4474,"coid":"42296967","added":"2017-12-11T06:00:00.000Z","publishYear":2017,"fiscalYearEnd":"2016-12-31T06:00:00.000Z","annualReportDate":"2016-12-31T06:00:00.000Z","source":"Consolidated financial statement","contribGrants":180333000,"revenue":201467000,"expenses":205726000,"excess":-4259360,"programServiceRevenue":13172300,"footnotes":"Consolidation includes national organization and affiliates (two separate 990's)"}},"officers":{"2016":{"coid":"42296967","dropped":0,"salut":"M.","first":"Lauren","middle":"A.","last":"Segal","lineage":null,"title":"Pres. and CEO","officerId":10515,"added":"2015-12-31T06:00:00.000Z","publishYear":2016,"fiscalYearEnd":"2015-12-31T06:00:00.000Z","salary":277465,"benefit":null,"other":24890,"bonus":null,"deferred":null,"total":302355,"salaryId":5924,"officerFootnotes":null,"salaryFootnotes":null,"hasImage":false},"2017":{"coid":"42296967","dropped":0,"salut":null,"first":"Robert","middle":null,"last":"Ballard","lineage":null,"title":"President/CEO","officerId":111827,"added":"2017-12-11T06:00:00.000Z","publishYear":2017,"fiscalYearEnd":"2016-12-31T06:00:00.000Z","salary":273125,"benefit":49407,"other":49407,"bonus":null,"deferred":null,"total":322532,"salaryId":6150,"officerFootnotes":null,"salaryFootnotes":null,"hasImage":true}},"hasLogo":true,"rank":24,"previousRank":24},{"coid":"410693979","added":"2017-11-21T06:00:00.000Z","company":"St. Olaf College","companyType":"Trust ee","category":"education","address1":"1520 St Olaf Ave","address2":null,"city":"Northfield","state":"MN","zip":"55057","www":"stolaf.edu","shortDesc":"A private four-year liberal arts college","history":null,"founded":1874,"footnotes":null,"employees":{"2017":{"id":5595,"coid":"410693979","total":830,"added":"2017-12-11T06:00:00.000Z","publishYear":2017}},"finances":{"2016":{"id":4375,"coid":"410693979","added":"2017-11-20T06:00:00.000Z","publishYear":2016,"fiscalYearEnd":"2015-12-31T06:00:00.000Z","annualReportDate":"2015-12-31T06:00:00.000Z","source":null,"contribGrants":null,"revenue":205800000,"expenses":175800000,"excess":30000000,"programServiceRevenue":null,"footnotes":null},"2017":{"id":4475,"coid":"410693979","added":"2017-12-11T06:00:00.000Z","publishYear":2017,"fiscalYearEnd":"2016-05-31T05:00:00.000Z","annualReportDate":"2016-05-31T05:00:00.000Z","source":"IRS 990","contribGrants":26137300,"revenue":198530000,"expenses":186619000,"excess":11911700,"programServiceRevenue":163015000,"footnotes":""}},"officers":{"2016":{"coid":"410693979","dropped":0,"salut":null,"first":"David","middle":null,"last":"Anderson","lineage":null,"title":"President","officerId":11386,"added":"2015-05-31T05:00:00.000Z","publishYear":2016,"fiscalYearEnd":"2015-05-31T05:00:00.000Z","salary":387381,"benefit":29354,"other":3932,"bonus":0,"deferred":23400,"total":444067,"salaryId":5955,"officerFootnotes":null,"salaryFootnotes":null,"hasImage":true},"2017":{"coid":"410693979","dropped":0,"salut":null,"first":"David","middle":null,"last":"Anderson","lineage":null,"title":"President","officerId":11386,"added":"2017-12-12T06:00:00.000Z","publishYear":2017,"fiscalYearEnd":"2016-05-31T05:00:00.000Z","salary":null,"benefit":null,"other":null,"bonus":null,"deferred":null,"total":402449,"salaryId":6169,"officerFootnotes":null,"salaryFootnotes":null,"hasImage":true}},"hasLogo":true,"rank":25,"previousRank":25},{"coid":"410682405","added":"2017-11-21T06:00:00.000Z","company":"Hazelden Betty Ford Foundation","companyType":"Charity hc","category":"healthcare","address1":"Center","address2":"P O Box 11","city":"City","state":"MN","zip":"55012","www":"http://www.hazeldenbettyford.org/","shortDesc":"The nation's largest nonprofit addiction treatment provider and publisher that includes a research center, graduate school, education for medical professionals, a unique children's program and an institute for recovery advocacy.","history":null,"founded":1949,"footnotes":null,"employees":{"2017":{"id":5596,"coid":"410682405","total":1907,"added":"2017-12-11T06:00:00.000Z","publishYear":2017}},"finances":{"2016":{"id":4372,"coid":"410682405","added":"2017-11-20T06:00:00.000Z","publishYear":2016,"fiscalYearEnd":"2015-12-31T06:00:00.000Z","annualReportDate":"2015-12-31T06:00:00.000Z","source":null,"contribGrants":null,"revenue":223600000,"expenses":182300000,"excess":41300000,"programServiceRevenue":null,"footnotes":null},"2017":{"id":4476,"coid":"410682405","added":"2017-12-11T06:00:00.000Z","publishYear":2017,"fiscalYearEnd":"2016-12-31T06:00:00.000Z","annualReportDate":"2016-12-31T06:00:00.000Z","source":"IRS 990","contribGrants":11517600,"revenue":182165000,"expenses":189954000,"excess":-7789670,"programServiceRevenue":162523000,"footnotes":null}},"officers":{"2016":{"coid":"410682405","dropped":0,"salut":null,"first":"Mark","middle":null,"last":"Mishek","lineage":null,"title":"President/CEO","officerId":11633,"added":"2015-12-31T06:00:00.000Z","publishYear":2016,"fiscalYearEnd":"2015-12-31T06:00:00.000Z","salary":722003,"benefit":null,"other":95810,"bonus":null,"deferred":null,"total":817813,"salaryId":5973,"officerFootnotes":null,"salaryFootnotes":null,"hasImage":true},"2017":{"coid":"410682405","dropped":0,"salut":null,"first":"Mark","middle":null,"last":"Mishek","lineage":null,"title":"President/CEO","officerId":11633,"added":"2017-12-11T06:00:00.000Z","publishYear":2017,"fiscalYearEnd":"2016-12-31T06:00:00.000Z","salary":552541,"benefit":26434,"other":11468,"bonus":32465,"deferred":56809,"total":679717,"salaryId":6066,"officerFootnotes":null,"salaryFootnotes":null,"hasImage":true}},"hasLogo":true,"rank":26,"previousRank":22},{"coid":"363503764","added":"2017-11-21T06:00:00.000Z","company":"American Public Media Group","companyType":"Trust ac","category":"other","address1":"480 Cedar St","address2":null,"city":"St Paul","state":"MN","zip":"55101","www":"https://www.americanpublicmediagroup.org/","shortDesc":"American Public Media Group (APMG) is a nonprofit parent support organization whose primary purpose is to provide financial and administrative support organization for Minnesota Public Radio, Fitzgerald Theater Co. and Southern California Public Radio.","history":"Minnesota Communication Group changed its name to American Public Media Group in 2001. On April 15, 1998 Minnesota Communications Group, sold all of its stock in Greenspring, including Rivertown Trading Company, a wholly-owned for profit subsidiary, to Da","founded":null,"footnotes":null,"employees":{"2017":{"id":5597,"coid":"363503764","total":668,"added":"2017-12-11T06:00:00.000Z","publishYear":2017}},"finances":{"2016":{"id":4382,"coid":"363503764","added":"2017-11-20T06:00:00.000Z","publishYear":2016,"fiscalYearEnd":"2015-12-31T06:00:00.000Z","annualReportDate":"2015-12-31T06:00:00.000Z","source":null,"contribGrants":null,"revenue":134200000,"expenses":142100000,"excess":8000000,"programServiceRevenue":null,"footnotes":null},"2017":{"id":4477,"coid":"363503764","added":"2017-12-11T06:00:00.000Z","publishYear":2017,"fiscalYearEnd":"2017-06-30T05:00:00.000Z","annualReportDate":"2017-06-30T05:00:00.000Z","source":"Consolidated financial statement","contribGrants":113786000,"revenue":168047000,"expenses":138429000,"excess":29618000,"programServiceRevenue":18713000,"footnotes":"Compensation for McTaggart is for the 2016 calendar year, which is the latest compensation information available."}},"officers":{"2016":{"coid":"363503764","dropped":0,"salut":null,"first":"Jon","middle":null,"last":"McTaggart","lineage":null,"title":"President/CEO","officerId":11733,"added":"2015-06-30T05:00:00.000Z","publishYear":2016,"fiscalYearEnd":"2015-06-30T05:00:00.000Z","salary":null,"benefit":null,"other":null,"bonus":null,"deferred":null,"total":644131,"salaryId":5986,"officerFootnotes":null,"salaryFootnotes":null,"hasImage":true},"2017":{"coid":"363503764","dropped":0,"salut":null,"first":"Jon","middle":null,"last":"McTaggart","lineage":null,"title":"President/CEO","officerId":11733,"added":"2017-12-11T06:00:00.000Z","publishYear":2017,"fiscalYearEnd":"2017-06-30T05:00:00.000Z","salary":452223,"benefit":44230,"other":37750,"bonus":128670,"deferred":27133,"total":690006,"salaryId":6067,"officerFootnotes":null,"salaryFootnotes":null,"hasImage":true}},"hasLogo":true,"rank":27,"previousRank":32},{"coid":"410711588","added":"2017-11-21T06:00:00.000Z","company":"Ecumen","companyType":"Charity hc","category":"healthcare","address1":"3530 Lexington Av N","address2":"Suite 100","city":"St Paul","state":"MN","zip":"55110","www":"www.ecumen.org","shortDesc":"Provides senior housing and services in Minnesota and surrounding states.","history":"The Board of Social Ministry merged with the Ebenezer Society to form Ebenezer Social Ministries which will be a subsidiary of Fairview","founded":1923,"footnotes":null,"employees":{"2017":{"id":5598,"coid":"410711588","total":3800,"added":"2017-12-11T06:00:00.000Z","publishYear":2017}},"finances":{"2016":{"id":4378,"coid":"410711588","added":"2017-11-20T06:00:00.000Z","publishYear":2016,"fiscalYearEnd":"2015-12-31T06:00:00.000Z","annualReportDate":"2015-12-31T06:00:00.000Z","source":null,"contribGrants":null,"revenue":153100000,"expenses":156200000,"excess":-3100000,"programServiceRevenue":null,"footnotes":null},"2017":{"id":4478,"coid":"410711588","added":"2017-12-11T06:00:00.000Z","publishYear":2017,"fiscalYearEnd":"2016-12-31T06:00:00.000Z","annualReportDate":"2016-12-31T06:00:00.000Z","source":"Consolidated financial statement","contribGrants":2353000,"revenue":167944000,"expenses":167092000,"excess":852000,"programServiceRevenue":163459000,"footnotes":null}},"officers":{"2016":{"coid":"410711588","dropped":0,"salut":null,"first":"Kathryn","middle":null,"last":"Roberts","lineage":null,"title":"President/CEO","officerId":11306,"added":"2015-12-31T06:00:00.000Z","publishYear":2016,"fiscalYearEnd":"2015-12-31T06:00:00.000Z","salary":429071,"benefit":20812,"other":4521,"bonus":26460,"deferred":53828,"total":534692,"salaryId":5954,"officerFootnotes":null,"salaryFootnotes":null,"hasImage":true},"2017":{"coid":"410711588","dropped":0,"salut":null,"first":"Kathryn","middle":null,"last":"Roberts","lineage":null,"title":"President/CEO","officerId":11306,"added":"2017-12-11T06:00:00.000Z","publishYear":2017,"fiscalYearEnd":"2016-12-31T06:00:00.000Z","salary":459237,"benefit":26223,"other":9584,"bonus":26741,"deferred":120703,"total":642488,"salaryId":6068,"officerFootnotes":null,"salaryFootnotes":null,"hasImage":true}},"hasLogo":true,"rank":28,"previousRank":28},{"coid":"410693962","added":"2017-11-21T06:00:00.000Z","company":"Macalester College","companyType":"Trust ee","category":"education","address1":"1600 Grand Ave","address2":null,"city":"St Paul","state":"MN","zip":"55105","www":"www.macalester.edu","shortDesc":"A four-year highly-selective liberal arts college","history":null,"founded":1874,"footnotes":null,"employees":{"2017":{"id":5599,"coid":"410693962","total":716,"added":"2017-12-11T06:00:00.000Z","publishYear":2017}},"finances":{"2016":{"id":4377,"coid":"410693962","added":"2017-11-20T06:00:00.000Z","publishYear":2016,"fiscalYearEnd":"2015-12-31T06:00:00.000Z","annualReportDate":"2015-12-31T06:00:00.000Z","source":null,"contribGrants":null,"revenue":180200000,"expenses":154200000,"excess":26000000,"programServiceRevenue":null,"footnotes":null},"2017":{"id":4479,"coid":"410693962","added":"2017-12-11T06:00:00.000Z","publishYear":2017,"fiscalYearEnd":"2016-05-31T05:00:00.000Z","annualReportDate":"2016-05-31T05:00:00.000Z","source":"IRS 990","contribGrants":10299400,"revenue":160633000,"expenses":164482000,"excess":-3848640,"programServiceRevenue":118609000,"footnotes":null}},"officers":{"2016":{"coid":"410693962","dropped":0,"salut":null,"first":"Brian","middle":"C.","last":"Rosenberg","lineage":null,"title":"President","officerId":11068,"added":"2015-05-31T05:00:00.000Z","publishYear":2016,"fiscalYearEnd":"2015-05-31T05:00:00.000Z","salary":491710,"benefit":78611,"other":60137,"bonus":0,"deferred":126000,"total":756458,"salaryId":5943,"officerFootnotes":null,"salaryFootnotes":null,"hasImage":true},"2017":{"coid":"410693962","dropped":0,"salut":null,"first":"Brian","middle":"C.","last":"Rosenberg","lineage":null,"title":"President","officerId":11068,"added":"2017-12-11T06:00:00.000Z","publishYear":2017,"fiscalYearEnd":"2016-05-31T05:00:00.000Z","salary":500067,"benefit":78596,"other":66262,"bonus":0,"deferred":126000,"total":770925,"salaryId":6069,"officerFootnotes":null,"salaryFootnotes":null,"hasImage":true}},"hasLogo":true,"rank":29,"previousRank":27},{"coid":"410695524","added":"2017-11-21T06:00:00.000Z","company":"Gustavus Adolphus College","companyType":"Trust ee","category":"education","address1":"800 W College Ave","address2":null,"city":"St Peter","state":"MN","zip":"56082","www":"gustavus.edu","shortDesc":"A liberal arts college","history":"Founded in 1862 by a Swedish Lutheran immigrant and pastor Eric Norelius in Red Wing. The school changed its name and moved to St. Peter in 1876.","founded":null,"footnotes":null,"employees":{"2017":{"id":5600,"coid":"410695524","total":3176,"added":"2017-12-11T06:00:00.000Z","publishYear":2017}},"finances":{"2016":{"id":4381,"coid":"410695524","added":"2017-11-20T06:00:00.000Z","publishYear":2016,"fiscalYearEnd":"2015-12-31T06:00:00.000Z","annualReportDate":"2015-12-31T06:00:00.000Z","source":null,"contribGrants":null,"revenue":140700000,"expenses":136700000,"excess":4000000,"programServiceRevenue":null,"footnotes":null},"2017":{"id":4480,"coid":"410695524","added":"2017-12-11T06:00:00.000Z","publishYear":2017,"fiscalYearEnd":"2016-05-31T05:00:00.000Z","annualReportDate":"2016-05-31T05:00:00.000Z","source":"IRS 990","contribGrants":34642400,"revenue":157125000,"expenses":135572000,"excess":21553100,"programServiceRevenue":122656000,"footnotes":null}},"officers":{"2016":{"coid":"410695524","dropped":0,"salut":null,"first":"Rebecca","middle":null,"last":"Bergman","lineage":null,"title":"President","officerId":11920,"added":"2015-05-31T05:00:00.000Z","publishYear":2016,"fiscalYearEnd":"2015-05-31T05:00:00.000Z","salary":316250,"benefit":47711,"other":13935,"bonus":0,"deferred":37950,"total":415846,"salaryId":6007,"officerFootnotes":null,"salaryFootnotes":null,"hasImage":true},"2017":{"coid":"410695524","dropped":0,"salut":null,"first":"Rebecca","middle":null,"last":"Bergman","lineage":null,"title":"President","officerId":11920,"added":"2017-12-11T06:00:00.000Z","publishYear":2017,"fiscalYearEnd":"2016-05-31T05:00:00.000Z","salary":316250,"benefit":68266,"other":15016,"bonus":0,"deferred":37950,"total":437482,"salaryId":6070,"officerFootnotes":null,"salaryFootnotes":null,"hasImage":true}},"hasLogo":true,"rank":30,"previousRank":31},{"coid":"410693932","added":"2017-11-21T06:00:00.000Z","company":"YMCA of the Greater Twin Cities","companyType":"Charity ss","category":"social-services","address1":"2125 E Hennepin Ave","address2":"Suite 150","city":"Minneapolis","state":"MN","zip":"55413","www":"www.ymcamn.org","shortDesc":"A leading nonprofit dedicated to strengthening communities through youth development, healthy living and social responsibility.","history":null,"founded":1856,"footnotes":null,"employees":{"2017":{"id":5601,"coid":"410693932","total":8192,"added":"2017-12-11T06:00:00.000Z","publishYear":2017}},"finances":{"2016":{"id":4380,"coid":"410693932","added":"2017-11-20T06:00:00.000Z","publishYear":2016,"fiscalYearEnd":"2015-12-31T06:00:00.000Z","annualReportDate":"2015-12-31T06:00:00.000Z","source":null,"contribGrants":null,"revenue":145900000,"expenses":138900000,"excess":7000000,"programServiceRevenue":null,"footnotes":null},"2017":{"id":4481,"coid":"410693932","added":"2017-12-11T06:00:00.000Z","publishYear":2017,"fiscalYearEnd":"2016-12-31T06:00:00.000Z","annualReportDate":"2016-12-31T06:00:00.000Z","source":"IRS 990","contribGrants":21675700,"revenue":153739000,"expenses":149200000,"excess":4538110,"programServiceRevenue":128823000,"footnotes":null}},"officers":{"2016":{"coid":"410693932","dropped":0,"salut":null,"first":"Glen","middle":null,"last":"Gunderson","lineage":null,"title":"President/CEO","officerId":111828,"added":"2015-12-31T06:00:00.000Z","publishYear":2016,"fiscalYearEnd":"2015-12-31T06:00:00.000Z","salary":400789,"benefit":23206,"other":10200,"bonus":65672,"deferred":31800,"total":531667,"salaryId":6000,"officerFootnotes":null,"salaryFootnotes":null,"hasImage":true},"2017":{"coid":"410693932","dropped":0,"salut":null,"first":"Glen","middle":null,"last":"Gunderson","lineage":null,"title":"President/CEO","officerId":111828,"added":"2017-12-11T06:00:00.000Z","publishYear":2017,"fiscalYearEnd":"2016-12-31T06:00:00.000Z","salary":420980,"benefit":20699,"other":10200,"bonus":90472,"deferred":31800,"total":574151,"salaryId":6151,"officerFootnotes":null,"salaryFootnotes":null,"hasImage":true}},"hasLogo":true,"rank":31,"previousRank":30},{"coid":"410708577","added":"2017-11-21T06:00:00.000Z","company":"Bethel University","companyType":"Nonprofits ee","category":"education","address1":"3900 Bethel Dr","address2":null,"city":"Arden Hills","state":"MN","zip":"55112","www":"bethel.edu","shortDesc":"A Christian university offering bachelor's, master's and doctoral degrees, as well as certificate programs","history":"The college began in 1945 and the seminary was established in 1871. Changed name from Bethel College & Seminary to Bethel University in June 2004.","founded":1945,"footnotes":null,"employees":{"2017":{"id":5602,"coid":"410708577","total":900,"added":"2017-12-11T06:00:00.000Z","publishYear":2017}},"finances":{"2016":{"id":4379,"coid":"410708577","added":"2017-11-20T06:00:00.000Z","publishYear":2016,"fiscalYearEnd":"2015-12-31T06:00:00.000Z","annualReportDate":"2015-12-31T06:00:00.000Z","source":null,"contribGrants":null,"revenue":148500000,"expenses":132400000,"excess":16100000,"programServiceRevenue":null,"footnotes":null},"2017":{"id":4482,"coid":"410708577","added":"2017-12-11T06:00:00.000Z","publishYear":2017,"fiscalYearEnd":"2016-05-31T05:00:00.000Z","annualReportDate":"2016-05-31T05:00:00.000Z","source":"IRS 990","contribGrants":15501600,"revenue":148396000,"expenses":143482000,"excess":4914280,"programServiceRevenue":130900000,"footnotes":null}},"officers":{"2016":{"coid":"410708577","dropped":0,"salut":"Mr.","first":"James","middle":null,"last":"Barnes","lineage":"III","title":"President","officerId":10067,"added":"2015-05-31T05:00:00.000Z","publishYear":2016,"fiscalYearEnd":"2015-05-31T05:00:00.000Z","salary":195429,"benefit":null,"other":68943,"bonus":0,"deferred":0,"total":264372,"salaryId":5917,"officerFootnotes":null,"salaryFootnotes":null,"hasImage":true},"2017":{"coid":"410708577","dropped":0,"salut":"Mr.","first":"James","middle":null,"last":"Barnes","lineage":"III","title":"President","officerId":10067,"added":"2017-12-11T06:00:00.000Z","publishYear":2017,"fiscalYearEnd":"2016-05-31T05:00:00.000Z","salary":192456,"benefit":63043,"other":6998,"bonus":0,"deferred":7640,"total":270137,"salaryId":6071,"officerFootnotes":null,"salaryFootnotes":null,"hasImage":true}},"hasLogo":true,"rank":32,"previousRank":29},{"coid":"237417654","added":"2017-11-21T06:00:00.000Z","company":"Second Harvest Heartland","companyType":"Charity ss","category":"social-services","address1":"1140 Gervais Ave","address2":null,"city":"Maplewood","state":"MN","zip":"55109","www":"2harvest.org","shortDesc":"Upper Midwest's largest hunger relief organization and an affiliate of Feeding America","history":"Second Harvest St. Paul Food Bank merged with Second Harvest of Greater Minneapolis in 2001 to form Second Harvest Heartland.","founded":null,"footnotes":null,"employees":{"2017":{"id":5603,"coid":"237417654","total":165,"added":"2017-12-11T06:00:00.000Z","publishYear":2017}},"finances":{"2016":{"id":4391,"coid":"237417654","added":"2017-11-20T06:00:00.000Z","publishYear":2016,"fiscalYearEnd":"2015-12-31T06:00:00.000Z","annualReportDate":"2015-12-31T06:00:00.000Z","source":null,"contribGrants":null,"revenue":121700000,"expenses":122100000,"excess":-400000,"programServiceRevenue":null,"footnotes":null},"2017":{"id":4483,"coid":"237417654","added":"2017-12-11T06:00:00.000Z","publishYear":2017,"fiscalYearEnd":"2016-09-30T05:00:00.000Z","annualReportDate":"2016-09-30T05:00:00.000Z","source":"IRS 990","contribGrants":135327000,"revenue":144515000,"expenses":140721000,"excess":3794010,"programServiceRevenue":9019980,"footnotes":"Revenue totals include the value of \"in-kind\" food donations.  This represents 79% of total revenue or $113.2 million"}},"officers":{"2016":{"coid":"237417654","dropped":0,"salut":null,"first":"Rob","middle":null,"last":"Zeaske","lineage":null,"title":"CEO","officerId":11572,"added":"2015-09-30T05:00:00.000Z","publishYear":2016,"fiscalYearEnd":"2015-09-30T05:00:00.000Z","salary":236154,"benefit":862,"other":1800,"bonus":640,"deferred":13024,"total":252480,"salaryId":5967,"officerFootnotes":null,"salaryFootnotes":null,"hasImage":true},"2017":{"coid":"237417654","dropped":0,"salut":null,"first":"Rob","middle":null,"last":"Zeaske","lineage":null,"title":"CEO","officerId":11572,"added":"2017-12-11T06:00:00.000Z","publishYear":2017,"fiscalYearEnd":"2016-09-30T05:00:00.000Z","salary":269354,"benefit":840,"other":1800,"bonus":36214,"deferred":16189,"total":324397,"salaryId":6072,"officerFootnotes":null,"salaryFootnotes":null,"hasImage":true}},"hasLogo":true,"rank":33,"previousRank":41},{"coid":"410872993","added":"2017-11-21T06:00:00.000Z","company":"Lutheran Social Service of Minnesota","companyType":"Charity ss","category":"social-services","address1":"2485 Como Ave","address2":null,"city":"St Paul","state":"MN","zip":"55108","www":"www.lssmn.org","shortDesc":"A statewide organization dedicated to expressing the love of Christ for all people through service that inspires hope, changes lives and builds community. Serving one in 65 Minnesotans: children and families, people with disabilities and older adults.","history":"Lutheran Social Service of Minnesota traces its history to 1865 when a pastor and his small congregation in Vasa, Minnesota took in children without parents.","founded":1963,"footnotes":null,"employees":{"2017":{"id":5604,"coid":"410872993","total":2270,"added":"2017-12-11T06:00:00.000Z","publishYear":2017}},"finances":{"2016":{"id":4385,"coid":"410872993","added":"2017-11-20T06:00:00.000Z","publishYear":2016,"fiscalYearEnd":"2015-12-31T06:00:00.000Z","annualReportDate":"2015-12-31T06:00:00.000Z","source":null,"contribGrants":null,"revenue":127000000,"expenses":122900000,"excess":4100000,"programServiceRevenue":null,"footnotes":null},"2017":{"id":4484,"coid":"410872993","added":"2017-12-11T06:00:00.000Z","publishYear":2017,"fiscalYearEnd":"2016-09-30T05:00:00.000Z","annualReportDate":"2016-09-30T05:00:00.000Z","source":"IRS 990","contribGrants":11152600,"revenue":133092000,"expenses":131374000,"excess":1717780,"programServiceRevenue":122344000,"footnotes":"LSS consolidated financial information includes Lutheran Social Service of Minnesota, LSS Foundation, Children's Home Society of Minnesota and Partners in Community Supports."}},"officers":{"2016":{"coid":"410872993","dropped":0,"salut":null,"first":"Jodi","middle":null,"last":"Harpstead","lineage":null,"title":"CEO","officerId":11193,"added":"2015-09-30T05:00:00.000Z","publishYear":2016,"fiscalYearEnd":"2015-09-30T05:00:00.000Z","salary":284658,"benefit":20884,"other":18635,"bonus":0,"deferred":5720,"total":329897,"salaryId":5946,"officerFootnotes":null,"salaryFootnotes":null,"hasImage":true},"2017":{"coid":"410872993","dropped":0,"salut":null,"first":"Jodi","middle":null,"last":"Harpstead","lineage":null,"title":"CEO","officerId":11193,"added":"2017-12-11T06:00:00.000Z","publishYear":2017,"fiscalYearEnd":"2016-09-30T05:00:00.000Z","salary":297735,"benefit":34442,"other":null,"bonus":null,"deferred":null,"total":332177,"salaryId":6073,"officerFootnotes":null,"salaryFootnotes":null,"hasImage":true}},"hasLogo":true,"rank":34,"previousRank":35},{"coid":"411539761","added":"2017-11-21T06:00:00.000Z","company":"Elim Care Inc.","companyType":"Trust hc","category":"healthcare","address1":"7485 Office Ridge Circle","address2":null,"city":"Eden Prairie","state":"MN","zip":"55344-","www":"www.elimcare.org","shortDesc":"Housing, health care and support services to older adults.","history":"Elim Care Inc. is affiliated with the Evangelical Free Church of America.","founded":1927,"footnotes":null,"employees":{"2017":{"id":5605,"coid":"411539761","total":3253,"added":"2017-12-11T06:00:00.000Z","publishYear":2017}},"finances":{"2016":{"id":4390,"coid":"411539761","added":"2017-11-20T06:00:00.000Z","publishYear":2016,"fiscalYearEnd":"2015-12-31T06:00:00.000Z","annualReportDate":"2015-12-31T06:00:00.000Z","source":null,"contribGrants":null,"revenue":122300000,"expenses":120400000,"excess":1900000,"programServiceRevenue":null,"footnotes":null},"2017":{"id":4485,"coid":"411539761","added":"2017-12-11T06:00:00.000Z","publishYear":2017,"fiscalYearEnd":"2016-12-31T06:00:00.000Z","annualReportDate":"2016-12-31T06:00:00.000Z","source":"Consolidated financial statement","contribGrants":773856,"revenue":131557000,"expenses":129592000,"excess":2326950,"programServiceRevenue":121012000,"footnotes":"Dahl's bonus includes deferred compensation"}},"officers":{"2016":{"coid":"411539761","dropped":0,"salut":null,"first":"Robert","middle":"M.","last":"Dahl","lineage":null,"title":"President/CEO","officerId":10643,"added":"2015-12-31T06:00:00.000Z","publishYear":2016,"fiscalYearEnd":"2015-12-31T06:00:00.000Z","salary":310348,"benefit":null,"other":7850,"bonus":43355,"deferred":null,"total":361553,"salaryId":5931,"officerFootnotes":null,"salaryFootnotes":null,"hasImage":false},"2017":{"coid":"411539761","dropped":0,"salut":null,"first":"Robert","middle":"M.","last":"Dahl","lineage":null,"title":"President/CEO","officerId":10643,"added":"2017-12-11T06:00:00.000Z","publishYear":2017,"fiscalYearEnd":"2016-12-31T06:00:00.000Z","salary":346045,"benefit":16418,"other":6338,"bonus":35963,"deferred":0,"total":404764,"salaryId":6074,"officerFootnotes":null,"salaryFootnotes":null,"hasImage":false}},"hasLogo":true,"rank":35,"previousRank":40},{"coid":"410695509","added":"2017-11-21T06:00:00.000Z","company":"St. Catherine University","companyType":"Trust ee","category":"education","address1":"2004 Randolph Ave","address2":null,"city":"St Paul","state":"MN","zip":"55105","www":"www.stkate.edu","shortDesc":"One of the largest and most comprehensive universities for women in the nation.","history":null,"founded":1913,"footnotes":"College of St. Catherine to be renamed St. Catherine University in June 2009","employees":{"2017":{"id":5606,"coid":"410695509","total":2528,"added":"2017-12-11T06:00:00.000Z","publishYear":2017}},"finances":{"2016":{"id":4384,"coid":"410695509","added":"2017-11-20T06:00:00.000Z","publishYear":2016,"fiscalYearEnd":"2015-12-31T06:00:00.000Z","annualReportDate":"2015-12-31T06:00:00.000Z","source":null,"contribGrants":null,"revenue":128100000,"expenses":123200000,"excess":4900000,"programServiceRevenue":null,"footnotes":null},"2017":{"id":4486,"coid":"410695509","added":"2017-12-11T06:00:00.000Z","publishYear":2017,"fiscalYearEnd":"2016-05-31T05:00:00.000Z","annualReportDate":"2016-05-31T05:00:00.000Z","source":"IRS 990","contribGrants":11229400,"revenue":129424000,"expenses":128298000,"excess":1125350,"programServiceRevenue":113357000,"footnotes":"Sr. Andrea Lee left the University on July 1, 2016.  ReBecca Roloff became the President of St. Catherine University on August 15, 2016."}},"officers":{"2016":{"coid":"410695509","dropped":0,"salut":null,"first":"Andrea","middle":"J.","last":"Lee","lineage":"IHM","title":"former President","officerId":9610,"added":"2015-05-31T05:00:00.000Z","publishYear":2016,"fiscalYearEnd":"2015-05-31T05:00:00.000Z","salary":0,"benefit":0,"other":0,"bonus":0,"deferred":0,"total":0,"salaryId":5910,"officerFootnotes":"A Catholic nun and mother of an adopted teenage son from Haiti .","salaryFootnotes":null,"hasImage":true},"2017":{"coid":"410695509","dropped":0,"salut":null,"first":"Andrea","middle":"J.","last":"Lee","lineage":"IHM","title":"former President","officerId":9610,"added":"2017-12-11T06:00:00.000Z","publishYear":2017,"fiscalYearEnd":"2016-05-31T05:00:00.000Z","salary":0,"benefit":0,"other":0,"bonus":0,"deferred":0,"total":0,"salaryId":6075,"officerFootnotes":"A Catholic nun and mother of an adopted teenage son from Haiti .","salaryFootnotes":null,"hasImage":true}},"hasLogo":true,"rank":36,"previousRank":34},{"coid":"410694721","added":"2017-11-21T06:00:00.000Z","company":"Augsburg University","companyType":"Trust ee","category":"education","address1":"2211 Riverside Av","address2":null,"city":"Minneapolis","state":"MN","zip":"55454","www":"http://www.augsburg.edu","shortDesc":"A private Lutheran four-year university offering 50 undergraduate and 9 graduate degrees","history":"name change from Augsburg College to Augsburg University in 2017","founded":1869,"footnotes":null,"employees":{"2017":{"id":5607,"coid":"410694721","total":1976,"added":"2017-12-11T06:00:00.000Z","publishYear":2017}},"finances":{"2016":{"id":4395,"coid":"410694721","added":"2017-11-20T06:00:00.000Z","publishYear":2016,"fiscalYearEnd":"2015-12-31T06:00:00.000Z","annualReportDate":"2015-12-31T06:00:00.000Z","source":null,"contribGrants":null,"revenue":105800000,"expenses":101400000,"excess":4300000,"programServiceRevenue":null,"footnotes":null},"2017":{"id":4487,"coid":"410694721","added":"2017-12-11T06:00:00.000Z","publishYear":2017,"fiscalYearEnd":"0216-05-31T05:00:00.000Z","annualReportDate":"0216-05-31T05:00:00.000Z","source":"IRS 990","contribGrants":28456200,"revenue":125612000,"expenses":107943000,"excess":17669200,"programServiceRevenue":97800800,"footnotes":null}},"officers":{"2016":{"coid":"410694721","dropped":0,"salut":null,"first":"Paul","middle":null,"last":"Pribbenow","lineage":null,"title":"President","officerId":11502,"added":"2015-05-31T05:00:00.000Z","publishYear":2016,"fiscalYearEnd":"2015-05-31T05:00:00.000Z","salary":307039,"benefit":39890,"other":4945,"bonus":0,"deferred":20320,"total":372104,"salaryId":5961,"officerFootnotes":null,"salaryFootnotes":null,"hasImage":true},"2017":{"coid":"410694721","dropped":0,"salut":null,"first":"Paul","middle":null,"last":"Pribbenow","lineage":null,"title":"President","officerId":11502,"added":"2017-12-11T06:00:00.000Z","publishYear":2017,"fiscalYearEnd":"0216-05-31T05:00:00.000Z","salary":303398,"benefit":40979,"other":7952,"bonus":0,"deferred":20537,"total":372866,"salaryId":6076,"officerFootnotes":null,"salaryFootnotes":null,"hasImage":true}},"hasLogo":true,"rank":37,"previousRank":45},{"coid":"410693977","added":"2017-11-21T06:00:00.000Z","company":"Concordia College","companyType":"Trust ee","category":"education","address1":"901 S 8th St","address2":null,"city":"Moorhead","state":"MN","zip":"56562","www":"www.concordiacollege.edu","shortDesc":"A four-year liberal arts college of the Evangelical Lutheran Church in America.","history":null,"founded":1891,"footnotes":null,"employees":{"2017":{"id":5608,"coid":"410693977","total":642,"added":"2017-12-11T06:00:00.000Z","publishYear":2017}},"finances":{"2016":{"id":4383,"coid":"410693977","added":"2017-11-20T06:00:00.000Z","publishYear":2016,"fiscalYearEnd":"2015-12-31T06:00:00.000Z","annualReportDate":"2015-12-31T06:00:00.000Z","source":null,"contribGrants":null,"revenue":130900000,"expenses":118200000,"excess":12600000,"programServiceRevenue":null,"footnotes":null},"2017":{"id":4488,"coid":"410693977","added":"2017-12-11T06:00:00.000Z","publishYear":2017,"fiscalYearEnd":"2017-04-30T05:00:00.000Z","annualReportDate":"2017-04-30T05:00:00.000Z","source":"IRS 990","contribGrants":21238500,"revenue":125576000,"expenses":117841000,"excess":7734310,"programServiceRevenue":99842800,"footnotes":null}},"officers":{"2016":{"coid":"410693977","dropped":0,"salut":null,"first":"William","middle":"J.","last":"Craft","lineage":null,"title":"President","officerId":11783,"added":"2015-04-30T05:00:00.000Z","publishYear":2016,"fiscalYearEnd":"2015-04-30T05:00:00.000Z","salary":255397,"benefit":48069,"other":1720,"bonus":null,"deferred":97850,"total":403036,"salaryId":5990,"officerFootnotes":null,"salaryFootnotes":null,"hasImage":true},"2017":{"coid":"410693977","dropped":0,"salut":null,"first":"William","middle":"J.","last":"Craft","lineage":null,"title":"President","officerId":11783,"added":"2017-12-11T06:00:00.000Z","publishYear":2017,"fiscalYearEnd":"2017-04-30T05:00:00.000Z","salary":263493,"benefit":47465,"other":51743,"bonus":null,"deferred":18550,"total":381251,"salaryId":6077,"officerFootnotes":null,"salaryFootnotes":null,"hasImage":true}},"hasLogo":true,"rank":38,"previousRank":33},{"coid":"410713914","added":"2017-11-21T06:00:00.000Z","company":"Winona Health Services","companyType":"Charity hc","category":"healthcare","address1":"855 Mankato Ave","address2":null,"city":"Winona","state":"MN","zip":"55987","www":"www.winonahealth.org","shortDesc":"A community based acute care hospital, outpatient clinics, skilled nursing facility, with assisted living and memory care facilities","history":null,"founded":1954,"footnotes":null,"employees":{"2017":{"id":5609,"coid":"410713914","total":1240,"added":"2017-12-11T06:00:00.000Z","publishYear":2017}},"finances":{"2016":{"id":4392,"coid":"410713914","added":"2017-11-20T06:00:00.000Z","publishYear":2016,"fiscalYearEnd":"2015-12-31T06:00:00.000Z","annualReportDate":"2015-12-31T06:00:00.000Z","source":null,"contribGrants":null,"revenue":115800000,"expenses":111500000,"excess":4400000,"programServiceRevenue":null,"footnotes":null},"2017":{"id":4489,"coid":"410713914","added":"2017-12-11T06:00:00.000Z","publishYear":2017,"fiscalYearEnd":"2017-09-30T05:00:00.000Z","annualReportDate":"2017-09-30T05:00:00.000Z","source":"Consolidated financial statement","contribGrants":822049,"revenue":124149000,"expenses":126848000,"excess":-1508560,"programServiceRevenue":114075000,"footnotes":null}},"officers":{"2016":{"coid":"410713914","dropped":0,"salut":null,"first":"Rachelle","middle":null,"last":"Heising-Schultz","lineage":null,"title":"Pres., CEO","officerId":11205,"added":"2015-09-30T05:00:00.000Z","publishYear":2016,"fiscalYearEnd":"2015-09-30T05:00:00.000Z","salary":367130,"benefit":33223,"other":11348,"bonus":3544,"deferred":16458,"total":431703,"salaryId":5948,"officerFootnotes":null,"salaryFootnotes":null,"hasImage":false},"2017":{"coid":"410713914","dropped":0,"salut":null,"first":"Rachelle","middle":null,"last":"Schultz","lineage":null,"title":"President/CEO","officerId":111829,"added":"2017-12-11T06:00:00.000Z","publishYear":2017,"fiscalYearEnd":"2017-09-30T05:00:00.000Z","salary":367130,"benefit":33223,"other":11348,"bonus":3544,"deferred":16458,"total":431703,"salaryId":6152,"officerFootnotes":null,"salaryFootnotes":null,"hasImage":true}},"hasLogo":true,"rank":39,"previousRank":42},{"coid":"410730602","added":"2017-11-21T06:00:00.000Z","company":"Lake Region Healthcare","companyType":"Charity hc","category":"healthcare","address1":"712 S Cascade St","address2":"P O Box 728","city":"Fergus Falls","state":"MN","zip":"56537","www":"lrhc.org","shortDesc":"The purpose of Lake Region Healthcare is to provide quality healthcare service in a caring manner to each individual we serve.","history":null,"founded":1951,"footnotes":null,"employees":{"2017":{"id":5610,"coid":"410730602","total":875,"added":"2017-12-11T06:00:00.000Z","publishYear":2017}},"finances":{"2016":{"id":4387,"coid":"410730602","added":"2017-11-20T06:00:00.000Z","publishYear":2016,"fiscalYearEnd":"2015-12-31T06:00:00.000Z","annualReportDate":"2015-12-31T06:00:00.000Z","source":null,"contribGrants":null,"revenue":125400000,"expenses":120900000,"excess":4400000,"programServiceRevenue":null,"footnotes":null},"2017":{"id":4490,"coid":"410730602","added":"2017-12-11T06:00:00.000Z","publishYear":2017,"fiscalYearEnd":"2016-09-30T05:00:00.000Z","annualReportDate":"2016-09-30T05:00:00.000Z","source":"IRS 990","contribGrants":916649,"revenue":123339000,"expenses":124415000,"excess":-1075770,"programServiceRevenue":118337000,"footnotes":"Kyle Richards was named new CEO as of June 2017"}},"officers":{"2016":{"coid":"410730602","dropped":0,"salut":null,"first":"Larry","middle":"A.","last":"Schulz","lineage":null,"title":"retired CEO","officerId":10639,"added":"2015-09-30T05:00:00.000Z","publishYear":2016,"fiscalYearEnd":"2015-09-30T05:00:00.000Z","salary":null,"benefit":null,"other":null,"bonus":null,"deferred":null,"total":488752,"salaryId":5930,"officerFootnotes":null,"salaryFootnotes":null,"hasImage":true},"2017":{"coid":"410730602","dropped":0,"salut":null,"first":"Larry","middle":"A.","last":"Schulz","lineage":null,"title":"retired CEO","officerId":10639,"added":"2017-12-11T06:00:00.000Z","publishYear":2017,"fiscalYearEnd":"2016-09-30T05:00:00.000Z","salary":515254,"benefit":0,"other":0,"bonus":0,"deferred":0,"total":515254,"salaryId":6078,"officerFootnotes":null,"salaryFootnotes":null,"hasImage":true}},"hasLogo":true,"rank":40,"previousRank":37},{"coid":"410693953","added":"2017-11-21T06:00:00.000Z","company":"Augustana Care","companyType":"Charity hc","category":"healthcare","address1":"1007 E 14th St","address2":null,"city":"Minneapolis","state":"MN","zip":"55404","www":"www.augustanacare.org","shortDesc":"Health care, housing, therapy services, adult day care, home health care and management services","history":null,"founded":1908,"footnotes":null,"employees":{"2017":{"id":5611,"coid":"410693953","total":3125,"added":"2017-12-11T06:00:00.000Z","publishYear":2017}},"finances":{"2016":{"id":4393,"coid":"410693953","added":"2017-11-20T06:00:00.000Z","publishYear":2016,"fiscalYearEnd":"2015-12-31T06:00:00.000Z","annualReportDate":"2015-12-31T06:00:00.000Z","source":null,"contribGrants":null,"revenue":114800000,"expenses":113900000,"excess":500000,"programServiceRevenue":null,"footnotes":null},"2017":{"id":4491,"coid":"410693953","added":"2017-12-11T06:00:00.000Z","publishYear":2017,"fiscalYearEnd":"2017-09-30T05:00:00.000Z","annualReportDate":"2017-09-30T05:00:00.000Z","source":"Consolidated financial statement","contribGrants":2329170,"revenue":120954000,"expenses":121248000,"excess":-965358,"programServiceRevenue":116578000,"footnotes":"Augustana Care's  total revenue less expense does not equal the excess number due to a loss on refinancing outstanding debt."}},"officers":{"2016":{"coid":"410693953","dropped":0,"salut":"Mr.","first":"Timothy","middle":"H.","last":"Tucker","lineage":null,"title":"President/CEO","officerId":10057,"added":"2015-09-30T05:00:00.000Z","publishYear":2016,"fiscalYearEnd":"2015-09-30T05:00:00.000Z","salary":280143,"benefit":107369,"other":28165,"bonus":50190,"deferred":64199,"total":530066,"salaryId":5916,"officerFootnotes":null,"salaryFootnotes":null,"hasImage":false},"2017":{"coid":"410693953","dropped":0,"salut":"Mr.","first":"Timothy","middle":"H.","last":"Tucker","lineage":null,"title":"President/CEO","officerId":10057,"added":"2017-12-11T06:00:00.000Z","publishYear":2017,"fiscalYearEnd":"2017-09-30T05:00:00.000Z","salary":318469,"benefit":31944,"other":28698,"bonus":61200,"deferred":66373,"total":506684,"salaryId":6079,"officerFootnotes":null,"salaryFootnotes":null,"hasImage":false}},"hasLogo":true,"rank":41,"previousRank":43},{"coid":"2601","added":"2017-11-21T06:00:00.000Z","company":"St. John's University","companyType":"Nonprofits ee","category":"education","address1":"Business","address2":"Office","city":"Collegeville","state":"MN","zip":"56321-2222","www":"csbsju.edu","shortDesc":"A four-year liberal arts university for men","history":"Spun off from order of St. Benedict in July 1, 2012.","founded":null,"footnotes":"EIN 45-3656162","employees":{"2017":{"id":5612,"coid":"2601","total":2098,"added":"2017-12-11T06:00:00.000Z","publishYear":2017}},"finances":{"2016":{"id":4386,"coid":"2601","added":"2017-11-20T06:00:00.000Z","publishYear":2016,"fiscalYearEnd":"2015-12-31T06:00:00.000Z","annualReportDate":"2015-12-31T06:00:00.000Z","source":null,"contribGrants":null,"revenue":125600000,"expenses":109000000,"excess":16500000,"programServiceRevenue":null,"footnotes":null},"2017":{"id":4492,"coid":"2601","added":"2017-12-11T06:00:00.000Z","publishYear":2017,"fiscalYearEnd":"2016-06-30T05:00:00.000Z","annualReportDate":"2016-06-30T05:00:00.000Z","source":"IRS 990","contribGrants":19854500,"revenue":119531000,"expenses":109825000,"excess":9706630,"programServiceRevenue":91023100,"footnotes":null}},"officers":{"2016":{"coid":"2601","dropped":0,"salut":null,"first":"Michael","middle":null,"last":"Hemesath","lineage":null,"title":"President","officerId":11960,"added":"2015-06-30T05:00:00.000Z","publishYear":2016,"fiscalYearEnd":"2015-06-30T05:00:00.000Z","salary":304507,"benefit":43933,"other":2963,"bonus":0,"deferred":23400,"total":374803,"salaryId":6013,"officerFootnotes":null,"salaryFootnotes":null,"hasImage":true},"2017":{"coid":"2601","dropped":0,"salut":null,"first":"Michael","middle":null,"last":"Hemesath","lineage":null,"title":"President","officerId":11960,"added":"2017-12-11T06:00:00.000Z","publishYear":2017,"fiscalYearEnd":"2016-06-30T05:00:00.000Z","salary":337009,"benefit":46966,"other":3125,"bonus":null,"deferred":23850,"total":410950,"salaryId":6080,"officerFootnotes":null,"salaryFootnotes":null,"hasImage":true}},"hasLogo":true,"rank":42,"previousRank":36},{"coid":"410693960","added":"2017-11-21T06:00:00.000Z","company":"Hamline University","companyType":"Trust ee","category":"education","address1":"1536 Hewitt Ave","address2":null,"city":"St Paul","state":"MN","zip":"55104","www":"www.hamline.edu","shortDesc":"University offering bachelor's, master's and doctorate programs as well as certificate and continuing education programs.","history":null,"founded":1854,"footnotes":null,"employees":{"2017":{"id":5613,"coid":"410693960","total":647,"added":"2017-12-11T06:00:00.000Z","publishYear":2017}},"finances":{"2016":{"id":4388,"coid":"410693960","added":"2017-11-20T06:00:00.000Z","publishYear":2016,"fiscalYearEnd":"2015-12-31T06:00:00.000Z","annualReportDate":"2015-12-31T06:00:00.000Z","source":null,"contribGrants":null,"revenue":124300000,"expenses":128000000,"excess":-3700000,"programServiceRevenue":null,"footnotes":null},"2017":{"id":4493,"coid":"410693960","added":"2017-12-11T06:00:00.000Z","publishYear":2017,"fiscalYearEnd":"2016-06-30T05:00:00.000Z","annualReportDate":"2016-06-30T05:00:00.000Z","source":"IRS 990","contribGrants":7028040,"revenue":117567000,"expenses":122701000,"excess":-5133620,"programServiceRevenue":106298000,"footnotes":"The president of the University, Fayneese Miller, was only president for one-half of the calendar year as presented in the 990. During FY16, Hamline University's Scool of Law combined with William Mitchell College of Law to become the independent Mitchell Hamline School of Law.  Hamline's School of Law operated through December 2015 (FY16) and the combination and significant write-off of Scool of Law assets were the primary contributing factor to the operating loss in the fiscal year."}},"officers":{"2017":{"coid":"410693960","dropped":0,"salut":null,"first":"Fayneese","middle":null,"last":"Miller","lineage":null,"title":"President","officerId":111830,"added":"2017-12-11T06:00:00.000Z","publishYear":2017,"fiscalYearEnd":"2016-06-30T05:00:00.000Z","salary":183504,"benefit":6804,"other":6141,"bonus":0,"deferred":28125,"total":224574,"salaryId":6153,"officerFootnotes":null,"salaryFootnotes":null,"hasImage":true}},"hasLogo":true,"rank":43,"previousRank":38},{"coid":"410698301","added":"2017-11-21T06:00:00.000Z","company":"College of St. Scholastica","companyType":"Trust ee","category":"education","address1":"1200 Kenwood Ave","address2":null,"city":"Duluth","state":"MN","zip":"55811","www":"www.css.edu","shortDesc":"A coeducational independent liberal arts college founded in the Catholic and Benedictine tradition","history":"The College was founded in 1912 by a group of Benedictine Sisters who offered college courses to six young women.","founded":1912,"footnotes":null,"employees":{"2017":{"id":5614,"coid":"410698301","total":2021,"added":"2017-12-11T06:00:00.000Z","publishYear":2017}},"finances":{"2016":{"id":4389,"coid":"410698301","added":"2017-11-20T06:00:00.000Z","publishYear":2016,"fiscalYearEnd":"2015-12-31T06:00:00.000Z","annualReportDate":"2015-12-31T06:00:00.000Z","source":null,"contribGrants":null,"revenue":123600000,"expenses":108200000,"excess":15400000,"programServiceRevenue":null,"footnotes":null},"2017":{"id":4494,"coid":"410698301","added":"2017-12-11T06:00:00.000Z","publishYear":2017,"fiscalYearEnd":"2016-06-30T05:00:00.000Z","annualReportDate":"2016-06-30T05:00:00.000Z","source":"IRS 990","contribGrants":10912900,"revenue":115015000,"expenses":111181000,"excess":3834460,"programServiceRevenue":101363000,"footnotes":null}},"officers":{"2016":{"coid":"410698301","dropped":0,"salut":"Mr.","first":"George","middle":null,"last":"Goodwin","lineage":null,"title":"President","officerId":10148,"added":"2015-06-30T05:00:00.000Z","publishYear":2016,"fiscalYearEnd":"2015-06-30T05:00:00.000Z","salary":323680,"benefit":20853,"other":46682,"bonus":null,"deferred":36420,"total":427635,"salaryId":5920,"officerFootnotes":"promoted to President in April 1999","salaryFootnotes":null,"hasImage":true},"2017":{"coid":"410698301","dropped":0,"salut":"Mr.","first":"George","middle":null,"last":"Goodwin","lineage":null,"title":"President","officerId":10148,"added":"2017-12-11T06:00:00.000Z","publishYear":2017,"fiscalYearEnd":"2016-06-30T05:00:00.000Z","salary":337320,"benefit":20855,"other":47492,"bonus":null,"deferred":36651,"total":442318,"salaryId":6081,"officerFootnotes":"promoted to President in April 1999","salaryFootnotes":null,"hasImage":true}},"hasLogo":true,"rank":44,"previousRank":39},{"coid":"410969244","added":"2017-11-21T06:00:00.000Z","company":"College of St. Benedict","companyType":"Trust ee","category":"education","address1":"37 S College Ave","address2":null,"city":"St Joseph","state":"MN","zip":"56374","www":"www.csbsju.edu","shortDesc":"A four-year liberal arts college for women","history":null,"founded":1887,"footnotes":null,"employees":{"2017":{"id":5615,"coid":"410969244","total":476,"added":"2017-12-11T06:00:00.000Z","publishYear":2017}},"finances":{"2016":{"id":4394,"coid":"410969244","added":"2017-11-20T06:00:00.000Z","publishYear":2016,"fiscalYearEnd":"2015-12-31T06:00:00.000Z","annualReportDate":"2015-12-31T06:00:00.000Z","source":null,"contribGrants":null,"revenue":111300000,"expenses":103400000,"excess":8000000,"programServiceRevenue":null,"footnotes":null},"2017":{"id":4495,"coid":"410969244","added":"2017-12-11T06:00:00.000Z","publishYear":2017,"fiscalYearEnd":"2016-06-30T05:00:00.000Z","annualReportDate":"2016-06-30T05:00:00.000Z","source":"IRS 990","contribGrants":12211400,"revenue":114667000,"expenses":106441000,"excess":8225880,"programServiceRevenue":100474000,"footnotes":null}},"officers":{"2017":{"coid":"410969244","dropped":0,"salut":null,"first":"Mary Dana","middle":null,"last":"Hinton","lineage":null,"title":"President","officerId":111831,"added":"2017-12-11T06:00:00.000Z","publishYear":2017,"fiscalYearEnd":"2016-06-30T05:00:00.000Z","salary":337500,"benefit":37653,"other":1392,"bonus":0,"deferred":31825,"total":408369,"salaryId":6154,"officerFootnotes":null,"salaryFootnotes":null,"hasImage":true}},"hasLogo":true,"rank":45,"previousRank":44},{"coid":"271442271","added":"2017-11-21T06:00:00.000Z","company":"Accra Care, Inc","companyType":"Charity hc","category":"healthcare","address1":"1011 1st St S","address2":null,"city":"Hopkins","state":"MN","zip":"55343","www":"www.accracare.org","shortDesc":"Personal care and home health services in people's homes","history":null,"founded":1991,"footnotes":null,"employees":{"2017":{"id":5616,"coid":"271442271","total":5899,"added":"2017-12-11T06:00:00.000Z","publishYear":2017}},"finances":{"2016":{"id":4400,"coid":"271442271","added":"2017-11-20T06:00:00.000Z","publishYear":2016,"fiscalYearEnd":"2015-12-31T06:00:00.000Z","annualReportDate":"2015-12-31T06:00:00.000Z","source":null,"contribGrants":null,"revenue":91200000,"expenses":87700000,"excess":3500000,"programServiceRevenue":null,"footnotes":null},"2017":{"id":4496,"coid":"271442271","added":"2017-12-11T06:00:00.000Z","publishYear":2017,"fiscalYearEnd":"2016-12-31T06:00:00.000Z","annualReportDate":"2016-12-31T06:00:00.000Z","source":"IRS 990","contribGrants":0,"revenue":110428000,"expenses":105467000,"excess":4960920,"programServiceRevenue":109933000,"footnotes":"Accra is comprised of six nonprofits in the healthcare industry: Accra Care, Inc; Choices for Children, Inc; Consumer Choice Services, Inc; Accra Home Health, Inc; Accra Home Care, Inc; and Service Management Group, Inc."}},"officers":{"2016":{"coid":"271442271","dropped":0,"salut":null,"first":"John","middle":null,"last":"Dahm","lineage":null,"title":"CEO","officerId":11895,"added":"2015-12-31T06:00:00.000Z","publishYear":2016,"fiscalYearEnd":"2015-12-31T06:00:00.000Z","salary":293046,"benefit":3368,"other":null,"bonus":0,"deferred":null,"total":296414,"salaryId":5999,"officerFootnotes":null,"salaryFootnotes":null,"hasImage":true},"2017":{"coid":"271442271","dropped":0,"salut":null,"first":"John","middle":null,"last":"Dahm","lineage":null,"title":"CEO","officerId":11895,"added":"2017-12-11T06:00:00.000Z","publishYear":2017,"fiscalYearEnd":"2016-12-31T06:00:00.000Z","salary":310024,"benefit":4254,"other":null,"bonus":0,"deferred":null,"total":314278,"salaryId":6082,"officerFootnotes":null,"salaryFootnotes":null,"hasImage":true}},"hasLogo":true,"rank":46,"previousRank":50},{"coid":"411842965","added":"2017-11-21T06:00:00.000Z","company":"Lakewood Health System","companyType":"Trust hc","category":"healthcare","address1":"49725 County 83","address2":null,"city":"Staples","state":"MN","zip":"56479","www":"http://lakewoodhealthsystem.com/","shortDesc":"A private nonprofit health system","history":null,"founded":1996,"footnotes":null,"employees":{"2017":{"id":5707,"coid":"411842965","total":972,"added":"2017-12-11T06:00:00.000Z","publishYear":2017}},"finances":{"2016":{"id":4397,"coid":"411842965","added":"2017-11-20T06:00:00.000Z","publishYear":2016,"fiscalYearEnd":"2015-12-31T06:00:00.000Z","annualReportDate":"2015-12-31T06:00:00.000Z","source":null,"contribGrants":null,"revenue":96200000,"expenses":92700000,"excess":3500000,"programServiceRevenue":null,"footnotes":null},"2017":{"id":4587,"coid":"411842965","added":"2017-12-11T06:00:00.000Z","publishYear":2017,"fiscalYearEnd":"2016-12-31T06:00:00.000Z","annualReportDate":"2016-12-31T06:00:00.000Z","source":"IRS 990","contribGrants":929010,"revenue":99376800,"expenses":98139900,"excess":114735000,"programServiceRevenue":96243200,"footnotes":null}},"officers":{"2016":{"coid":"411842965","dropped":0,"salut":null,"first":"Tim","middle":null,"last":"Rice","lineage":null,"title":"President","officerId":9639,"added":"2015-12-31T06:00:00.000Z","publishYear":2016,"fiscalYearEnd":"2015-12-31T06:00:00.000Z","salary":423932,"benefit":31770,"other":0,"bonus":0,"deferred":8380,"total":464082,"salaryId":5912,"officerFootnotes":null,"salaryFootnotes":null,"hasImage":true},"2017":{"coid":"411842965","dropped":0,"salut":null,"first":"Tim","middle":null,"last":"Rice","lineage":null,"title":"President","officerId":9639,"added":"2017-12-11T06:00:00.000Z","publishYear":2017,"fiscalYearEnd":"2016-12-31T06:00:00.000Z","salary":415330,"benefit":34544,"other":0,"bonus":36835,"deferred":7950,"total":494659,"salaryId":6144,"officerFootnotes":null,"salaryFootnotes":null,"hasImage":true}},"hasLogo":true,"rank":47,"previousRank":47},{"coid":"410695527","added":"2017-11-21T06:00:00.000Z","company":"St. Mary's University of Minnesota","companyType":"Trust ee","category":"education","address1":"700 Terrace Heights","address2":null,"city":"Winona","state":"MN","zip":"55987","www":"www.smumn.edu","shortDesc":"A private, four-year, coeducational, Catholic, liberal arts university","history":"The private Catholic educational institution has been administered by the Christian Brothers since 1933.","founded":1912,"footnotes":null,"employees":{"2017":{"id":5617,"coid":"410695527","total":1224,"added":"2017-12-11T06:00:00.000Z","publishYear":2017}},"finances":{"2016":{"id":4398,"coid":"410695527","added":"2017-11-20T06:00:00.000Z","publishYear":2016,"fiscalYearEnd":"2015-12-31T06:00:00.000Z","annualReportDate":"2015-12-31T06:00:00.000Z","source":null,"contribGrants":null,"revenue":95100000,"expenses":89700000,"excess":5400000,"programServiceRevenue":null,"footnotes":null},"2017":{"id":4497,"coid":"410695527","added":"2017-12-11T06:00:00.000Z","publishYear":2017,"fiscalYearEnd":"2016-05-31T05:00:00.000Z","annualReportDate":"2016-05-31T05:00:00.000Z","source":"IRS 990","contribGrants":13697400,"revenue":97792600,"expenses":88931600,"excess":8861080,"programServiceRevenue":81829600,"footnotes":null}},"officers":{"2016":{"coid":"410695527","dropped":0,"salut":"Brother","first":"William","middle":null,"last":"Mann","lineage":"FSC","title":"President","officerId":11575,"added":"2015-05-31T05:00:00.000Z","publishYear":2016,"fiscalYearEnd":"2015-05-31T05:00:00.000Z","salary":0,"benefit":0,"other":19594,"bonus":0,"deferred":0,"total":19594,"salaryId":5968,"officerFootnotes":"a Christian Brother","salaryFootnotes":null,"hasImage":true},"2017":{"coid":"410695527","dropped":0,"salut":"Brother","first":"William","middle":null,"last":"Mann","lineage":"FSC","title":"President","officerId":11575,"added":"2017-12-14T06:00:00.000Z","publishYear":2017,"fiscalYearEnd":"2016-05-31T05:00:00.000Z","salary":null,"benefit":null,"other":null,"bonus":null,"deferred":null,"total":19601,"salaryId":6180,"officerFootnotes":"a Christian Brother","salaryFootnotes":null,"hasImage":true}},"hasLogo":true,"rank":48,"previousRank":48},{"coid":"410711610","added":"2017-11-21T06:00:00.000Z","company":"University of Northwestern - St. Paul","companyType":"Charity ee","category":"education","address1":"3003 N Snelling Ave","address2":null,"city":"St Paul","state":"MN","zip":"55113","www":"unwsp.edu","shortDesc":"A four-year private university","history":null,"founded":1904,"footnotes":"Official changed name from Northwestern College to Univerity of Northwester - St. Paul July 1, 2013","employees":{"2017":{"id":5618,"coid":"410711610","total":1984,"added":"2017-12-11T06:00:00.000Z","publishYear":2017}},"finances":{"2016":{"id":4399,"coid":"410711610","added":"2017-11-20T06:00:00.000Z","publishYear":2016,"fiscalYearEnd":"2015-12-31T06:00:00.000Z","annualReportDate":"2015-12-31T06:00:00.000Z","source":null,"contribGrants":null,"revenue":94600000,"expenses":89600000,"excess":5000000,"programServiceRevenue":null,"footnotes":null},"2017":{"id":4498,"coid":"410711610","added":"2017-12-11T06:00:00.000Z","publishYear":2017,"fiscalYearEnd":"2015-06-30T05:00:00.000Z","annualReportDate":"2015-06-30T05:00:00.000Z","source":"IRS 990","contribGrants":20097300,"revenue":95859400,"expenses":89777400,"excess":6081990,"programServiceRevenue":74788300,"footnotes":null}},"officers":{"2016":{"coid":"410711610","dropped":0,"salut":null,"first":"Alan","middle":"S.","last":"Cureton","lineage":null,"title":"President","officerId":63759,"added":"2015-06-30T05:00:00.000Z","publishYear":2016,"fiscalYearEnd":"2015-06-30T05:00:00.000Z","salary":240000,"benefit":12353,"other":79542,"bonus":0,"deferred":12185,"total":344080,"salaryId":6043,"officerFootnotes":null,"salaryFootnotes":null,"hasImage":true},"2017":{"coid":"410711610","dropped":0,"salut":null,"first":"Alan","middle":"S.","last":"Cureton","lineage":null,"title":"President","officerId":63759,"added":"2017-12-11T06:00:00.000Z","publishYear":2017,"fiscalYearEnd":"2015-06-30T05:00:00.000Z","salary":332370,"benefit":null,"other":39100,"bonus":null,"deferred":null,"total":371470,"salaryId":6083,"officerFootnotes":null,"salaryFootnotes":null,"hasImage":true}},"hasLogo":true,"rank":49,"previousRank":49},{"coid":"841715908","added":"2017-11-21T06:00:00.000Z","company":"Hutchinson Health","companyType":"Charity hc","category":"healthcare","address1":"1095 Hwy 15 S","address2":null,"city":"Hutchinson","state":"MN","zip":"55350","www":"www.hutchhealth.com","shortDesc":"A 66-bed, level three trauma center and acute care hospital","history":null,"founded":null,"footnotes":null,"employees":{"2017":{"id":5619,"coid":"841715908","total":751,"added":"2017-12-11T06:00:00.000Z","publishYear":2017}},"finances":{"2017":{"id":4499,"coid":"841715908","added":"2017-12-11T06:00:00.000Z","publishYear":2017,"fiscalYearEnd":"2016-12-31T06:00:00.000Z","annualReportDate":"2016-12-31T06:00:00.000Z","source":"IRS 990","contribGrants":92388,"revenue":90659000,"expenses":87831100,"excess":2827860,"programServiceRevenue":89488300,"footnotes":null}},"officers":{"2017":{"coid":"841715908","dropped":0,"salut":null,"first":"Steve","middle":null,"last":"Larson","lineage":null,"title":"President/CEO","officerId":111832,"added":"2017-12-11T06:00:00.000Z","publishYear":2017,"fiscalYearEnd":"2016-12-31T06:00:00.000Z","salary":330462,"benefit":30129,"other":10000,"bonus":null,"deferred":29872,"total":400463,"salaryId":6155,"officerFootnotes":null,"salaryFootnotes":null,"hasImage":false}},"hasLogo":true,"rank":50},{"coid":"411973442","added":"2017-11-21T06:00:00.000Z","company":"Greater Twin Cities United Way","companyType":"Charity ss","category":"social-services","address1":"404 S Eighth St","address2":null,"city":"Minneapolis","state":"MN","zip":"55404","www":"www.gtcuw.org","shortDesc":"Greater Twin Cities United Way focuses on stabilizing families, helping children succeed and empowering healthy lives for those living at or near poverty.","history":"Greater Twin Cities United Way was formed through the merger of the United Way of Minneapolis Area, United Way of the Saint Paul Area and United Way Administrative Services on May 1, 2001","founded":null,"footnotes":null,"employees":{"2017":{"id":5620,"coid":"411973442","total":190,"added":"2017-12-11T06:00:00.000Z","publishYear":2017}},"finances":{"2016":{"id":4396,"coid":"411973442","added":"2017-11-20T06:00:00.000Z","publishYear":2016,"fiscalYearEnd":"2015-12-31T06:00:00.000Z","annualReportDate":"2015-12-31T06:00:00.000Z","source":null,"contribGrants":null,"revenue":98600000,"expenses":95700000,"excess":2800000,"programServiceRevenue":null,"footnotes":null},"2017":{"id":4500,"coid":"411973442","added":"2017-12-11T06:00:00.000Z","publishYear":2017,"fiscalYearEnd":"2016-12-31T06:00:00.000Z","annualReportDate":"2016-12-31T06:00:00.000Z","source":"IRS 990","contribGrants":85218000,"revenue":87943800,"expenses":94334900,"excess":-6391120,"programServiceRevenue":115829,"footnotes":null}},"officers":{"2016":{"coid":"411973442","dropped":0,"salut":"Ms.","first":"Sarah","middle":null,"last":"Caruso","lineage":null,"title":"President/CEO","officerId":11656,"added":"2015-12-31T06:00:00.000Z","publishYear":2016,"fiscalYearEnd":"2015-12-31T06:00:00.000Z","salary":320132,"benefit":25912,"other":1455,"bonus":39000,"deferred":28115,"total":414614,"salaryId":5979,"officerFootnotes":null,"salaryFootnotes":null,"hasImage":true},"2017":{"coid":"411973442","dropped":0,"salut":"Ms.","first":"Sarah","middle":null,"last":"Caruso","lineage":null,"title":"President/CEO","officerId":11656,"added":"2017-12-11T06:00:00.000Z","publishYear":2017,"fiscalYearEnd":"2016-12-31T06:00:00.000Z","salary":334389,"benefit":25491,"other":1528,"bonus":60314,"deferred":28604,"total":450326,"salaryId":6084,"officerFootnotes":null,"salaryFootnotes":null,"hasImage":true}},"hasLogo":true,"rank":51,"previousRank":46},{"coid":"411429149","added":"2017-11-21T06:00:00.000Z","company":"Pheasants Forever Inc.","companyType":"Charity envir","category":"other","address1":"1783 Buerkle Cir","address2":null,"city":"St Paul","state":"MN","zip":"55110","www":"www.pheasantsforever.org","shortDesc":"Protects and enhances pheasant populations and habitat","history":null,"founded":1982,"footnotes":null,"employees":{"2017":{"id":5621,"coid":"411429149","total":310,"added":"2017-12-11T06:00:00.000Z","publishYear":2017}},"finances":{"2016":{"id":4420,"coid":"411429149","added":"2017-11-20T06:00:00.000Z","publishYear":2016,"fiscalYearEnd":"2015-12-31T06:00:00.000Z","annualReportDate":"2015-12-31T06:00:00.000Z","source":null,"contribGrants":null,"revenue":68021900,"expenses":53800000,"excess":500000,"programServiceRevenue":null,"footnotes":"Updated in 2017"},"2017":{"id":4501,"coid":"411429149","added":"2017-12-11T06:00:00.000Z","publishYear":2017,"fiscalYearEnd":"2016-06-30T05:00:00.000Z","annualReportDate":"2016-06-30T05:00:00.000Z","source":"Consolidated financial statement","contribGrants":71097000,"revenue":87308500,"expenses":85542900,"excess":1765610,"programServiceRevenue":14973600,"footnotes":"Numbers from the audited financial statements"}},"officers":{"2016":{"coid":"411429149","dropped":0,"salut":null,"first":"Howard","middle":"K.","last":"Vincent","lineage":null,"title":"President/CEO","officerId":10732,"added":"2015-06-30T05:00:00.000Z","publishYear":2016,"fiscalYearEnd":"2015-06-30T05:00:00.000Z","salary":235766,"benefit":21052,"other":13023,"bonus":21645,"deferred":13522,"total":305008,"salaryId":5935,"officerFootnotes":null,"salaryFootnotes":null,"hasImage":false},"2017":{"coid":"411429149","dropped":0,"salut":null,"first":"Howard","middle":"K.","last":"Vincent","lineage":null,"title":"President/CEO","officerId":10732,"added":"2017-12-11T06:00:00.000Z","publishYear":2017,"fiscalYearEnd":"2016-06-30T05:00:00.000Z","salary":260548,"benefit":17832,"other":16173,"bonus":11411,"deferred":13587,"total":319551,"salaryId":6085,"officerFootnotes":null,"salaryFootnotes":null,"hasImage":false}},"hasLogo":true,"rank":52,"previousRank":57},{"coid":"411865874","added":"2017-11-21T06:00:00.000Z","company":"Grand Itasca Clinic and Hospital","companyType":"Charity hc","category":"healthcare","address1":"1601 Golf Course Rd","address2":null,"city":"Grand Rapids","state":"MN","zip":"55744","www":"www.granditasca.org","shortDesc":"A community-owned integrated multi-specialty health system with more than 60 providers serving Itasaca County region.","history":null,"founded":1997,"footnotes":null,"employees":{"2017":{"id":5622,"coid":"411865874","total":null,"added":"2017-12-11T06:00:00.000Z","publishYear":2017}},"finances":{"2016":{"id":4404,"coid":"411865874","added":"2017-11-20T06:00:00.000Z","publishYear":2016,"fiscalYearEnd":"2015-12-31T06:00:00.000Z","annualReportDate":"2015-12-31T06:00:00.000Z","source":null,"contribGrants":null,"revenue":76000000,"expenses":84700000,"excess":-8600000,"programServiceRevenue":null,"footnotes":null},"2017":{"id":4502,"coid":"411865874","added":"2017-12-11T06:00:00.000Z","publishYear":2017,"fiscalYearEnd":"2016-12-31T06:00:00.000Z","annualReportDate":"2016-12-31T06:00:00.000Z","source":"Consolidated financial statement","contribGrants":null,"revenue":83880500,"expenses":85215000,"excess":-1334460,"programServiceRevenue":null,"footnotes":"Grand Itasca joined Fairview effective Jan. 1, 2017"}},"officers":{"2016":{"coid":"411865874","dropped":0,"salut":null,"first":"Michael","middle":null,"last":"Youso","lineage":null,"title":"President/CEO","officerId":11696,"added":"2015-12-31T06:00:00.000Z","publishYear":2016,"fiscalYearEnd":"2015-12-31T06:00:00.000Z","salary":325115,"benefit":0,"other":33453,"bonus":0,"deferred":0,"total":358568,"salaryId":5984,"officerFootnotes":null,"salaryFootnotes":null,"hasImage":true},"2017":{"coid":"411865874","dropped":0,"salut":null,"first":"Michael","middle":null,"last":"Youso","lineage":null,"title":"President/CEO","officerId":11696,"added":"2017-12-13T06:00:00.000Z","publishYear":2017,"fiscalYearEnd":"2016-12-31T06:00:00.000Z","salary":null,"benefit":null,"other":null,"bonus":null,"deferred":null,"total":0,"salaryId":6174,"officerFootnotes":null,"salaryFootnotes":null,"hasImage":true}},"hasLogo":true,"rank":53,"previousRank":54},{"coid":"410706155","added":"2017-11-21T06:00:00.000Z","company":"American Baptist Homes of the Midwest","companyType":"Trust hc","category":"healthcare","address1":"14850 Scenic Heights Road","address2":"Suite 125","city":"Eden Prairie","state":"MN","zip":"55344","www":"www.abhomes.net","shortDesc":"A provider of senior living and health care services since 1930.","history":null,"founded":1930,"footnotes":null,"employees":{"2017":{"id":5633,"coid":"410706155","total":1802,"added":"2017-12-11T06:00:00.000Z","publishYear":2017}},"finances":{"2016":{"id":4401,"coid":"410706155","added":"2017-11-20T06:00:00.000Z","publishYear":2016,"fiscalYearEnd":"2015-12-31T06:00:00.000Z","annualReportDate":"2015-12-31T06:00:00.000Z","source":null,"contribGrants":null,"revenue":78100000,"expenses":84900000,"excess":-6800000,"programServiceRevenue":null,"footnotes":null},"2017":{"id":4513,"coid":"410706155","added":"2017-12-11T06:00:00.000Z","publishYear":2017,"fiscalYearEnd":"2016-08-31T05:00:00.000Z","annualReportDate":"2016-08-31T05:00:00.000Z","source":"Consolidated financial statement","contribGrants":350285,"revenue":83640000,"expenses":93221400,"excess":-9581310,"programServiceRevenue":79910200,"footnotes":"Total revenue from ABHM's consolidated financial statements was $83.6 million, up 7.1 percent"}},"officers":{"2016":{"coid":"410706155","dropped":0,"salut":null,"first":"David","middle":null,"last":"Zwickey","lineage":null,"title":"President/CEO","officerId":11579,"added":"2015-08-31T05:00:00.000Z","publishYear":2016,"fiscalYearEnd":"2015-08-31T05:00:00.000Z","salary":289184,"benefit":27257,"other":5798,"bonus":31875,"deferred":5200,"total":359314,"salaryId":5971,"officerFootnotes":null,"salaryFootnotes":null,"hasImage":false},"2017":{"coid":"410706155","dropped":0,"salut":null,"first":"David","middle":null,"last":"Zwickey","lineage":null,"title":"President/CEO","officerId":11579,"added":"2017-12-14T06:00:00.000Z","publishYear":2017,"fiscalYearEnd":"2016-08-31T05:00:00.000Z","salary":317312,"benefit":31224,"other":7130,"bonus":0,"deferred":5300,"total":360966,"salaryId":6176,"officerFootnotes":null,"salaryFootnotes":null,"hasImage":false}},"hasLogo":true,"rank":54,"previousRank":51},{"coid":"410736870","added":"2017-11-21T06:00:00.000Z","company":"MRCI WorkSource","companyType":"Charity ss","category":"other","address1":"15 Map Dr","address2":"P O Box 328","city":"Mankato","state":"MN","zip":"56002","www":"mrciworksource.org","shortDesc":"A human service organization devoted to providing genuine and innovative opportunities for individuals with disabilities and disadvantages to engage in their communities.","history":null,"founded":1953,"footnotes":"fka Mankato Rehabilitation Center Inc.","employees":{"2017":{"id":5623,"coid":"410736870","total":5231,"added":"2017-12-11T06:00:00.000Z","publishYear":2017}},"finances":{"2016":{"id":4405,"coid":"410736870","added":"2017-11-20T06:00:00.000Z","publishYear":2016,"fiscalYearEnd":"2015-12-31T06:00:00.000Z","annualReportDate":"2015-12-31T06:00:00.000Z","source":null,"contribGrants":null,"revenue":71200000,"expenses":69900000,"excess":1300000,"programServiceRevenue":null,"footnotes":null},"2017":{"id":4503,"coid":"410736870","added":"2017-12-11T06:00:00.000Z","publishYear":2017,"fiscalYearEnd":"2017-01-01T06:00:00.000Z","annualReportDate":"2017-01-01T06:00:00.000Z","source":"IRS 990","contribGrants":5662460,"revenue":76146900,"expenses":74676300,"excess":1470600,"programServiceRevenue":70263500,"footnotes":null}},"officers":{"2016":{"coid":"410736870","dropped":0,"salut":null,"first":"Brian","middle":null,"last":"Benshoof","lineage":null,"title":"Chief Executive Officer","officerId":11785,"added":"2015-12-31T06:00:00.000Z","publishYear":2016,"fiscalYearEnd":"2015-12-31T06:00:00.000Z","salary":147341,"benefit":null,"other":null,"bonus":0,"deferred":8840.48,"total":156182,"salaryId":5991,"officerFootnotes":null,"salaryFootnotes":null,"hasImage":true},"2017":{"coid":"410736870","dropped":0,"salut":null,"first":"Brian","middle":null,"last":"Benshoof","lineage":null,"title":"Chief Executive Officer","officerId":11785,"added":"2017-12-11T06:00:00.000Z","publishYear":2017,"fiscalYearEnd":"2017-01-01T06:00:00.000Z","salary":153694,"benefit":8961,"other":null,"bonus":0,"deferred":9222,"total":171877,"salaryId":6086,"officerFootnotes":null,"salaryFootnotes":null,"hasImage":true}},"hasLogo":true,"rank":55,"previousRank":55},{"coid":"410698597","added":"2017-11-21T06:00:00.000Z","company":"Salvation Army - Northern Division","companyType":"Nonprofits ss","category":"social-services","address1":"2445 Prior Av","address2":null,"city":"Roseville","state":"MN","zip":"55113","www":"www.salvationarmynorth.org","shortDesc":"Serving Minnesota and North Dakota communities since 1886, more than 100 Salvation Army centers of operation in the division provide service in housing, youth enrichment, hunger abatement, counseling, rehabilitation and disaster relief.","history":null,"founded":null,"footnotes":null,"employees":{"2017":{"id":5624,"coid":"410698597","total":784,"added":"2017-12-11T06:00:00.000Z","publishYear":2017}},"finances":{"2016":{"id":4406,"coid":"410698597","added":"2017-11-20T06:00:00.000Z","publishYear":2016,"fiscalYearEnd":"2015-12-31T06:00:00.000Z","annualReportDate":"2015-12-31T06:00:00.000Z","source":null,"contribGrants":null,"revenue":68900000,"expenses":71000000,"excess":2100000,"programServiceRevenue":null,"footnotes":null},"2017":{"id":4504,"coid":"410698597","added":"2017-12-11T06:00:00.000Z","publishYear":2017,"fiscalYearEnd":"2016-09-30T05:00:00.000Z","annualReportDate":"2016-09-30T05:00:00.000Z","source":"Consolidated financial statement","contribGrants":56072400,"revenue":71782100,"expenses":71431300,"excess":350823,"programServiceRevenue":11220100,"footnotes":"Richardson was named new leader of the Salvation Army in June 2016. The IRS recognizes The Salvation Army as a church and they are not required to file a 990."}},"officers":{"2017":{"coid":"410698597","dropped":0,"salut":null,"first":"Lonneal","middle":null,"last":"Richardson","lineage":null,"title":"Lt. Colonel","officerId":111833,"added":"2017-12-11T06:00:00.000Z","publishYear":2017,"fiscalYearEnd":"2016-09-30T05:00:00.000Z","salary":23866,"benefit":6102,"other":42130,"bonus":820,"deferred":5150,"total":78068,"salaryId":6156,"officerFootnotes":null,"salaryFootnotes":null,"hasImage":false}},"hasLogo":true,"rank":56,"previousRank":56},{"coid":"410706131","added":"2017-11-21T06:00:00.000Z","company":"Walker Methodist","companyType":"Charity hc","category":"healthcare","address1":"3737 Bryant Av S","address2":null,"city":"Minneapolis","state":"MN","zip":"55409","www":"www.walkermethodist.org","shortDesc":"A senior living organization  serving older adults since 1945. We provide housing, health care, rehabilitation, and services to seniors and the people who support them.","history":null,"founded":null,"footnotes":null,"employees":{"2017":{"id":5625,"coid":"410706131","total":1075,"added":"2017-12-11T06:00:00.000Z","publishYear":2017}},"finances":{"2016":{"id":4407,"coid":"410706131","added":"2017-11-20T06:00:00.000Z","publishYear":2016,"fiscalYearEnd":"2015-12-31T06:00:00.000Z","annualReportDate":"2015-12-31T06:00:00.000Z","source":null,"contribGrants":null,"revenue":66400000,"expenses":67900000,"excess":-1500000,"programServiceRevenue":null,"footnotes":null},"2017":{"id":4505,"coid":"410706131","added":"2017-12-11T06:00:00.000Z","publishYear":2017,"fiscalYearEnd":"2016-12-31T06:00:00.000Z","annualReportDate":"2016-12-31T06:00:00.000Z","source":"IRS 990","contribGrants":939080,"revenue":67397500,"expenses":74044900,"excess":-6647470,"programServiceRevenue":67242800,"footnotes":null}},"officers":{"2016":{"coid":"410706131","dropped":0,"salut":null,"first":"Scott","middle":null,"last":"Riddle","lineage":null,"title":"CEO","officerId":11906,"added":"2015-12-31T06:00:00.000Z","publishYear":2016,"fiscalYearEnd":"2015-12-31T06:00:00.000Z","salary":234036,"benefit":17391,"other":6740,"bonus":60381,"deferred":847,"total":319395,"salaryId":6004,"officerFootnotes":null,"salaryFootnotes":null,"hasImage":true},"2017":{"coid":"410706131","dropped":0,"salut":null,"first":"Scott","middle":null,"last":"Riddle","lineage":null,"title":"CEO","officerId":11906,"added":"2017-12-11T06:00:00.000Z","publishYear":2017,"fiscalYearEnd":"2016-12-31T06:00:00.000Z","salary":261650,"benefit":19014,"other":0,"bonus":0,"deferred":0,"total":280664,"salaryId":6087,"officerFootnotes":null,"salaryFootnotes":null,"hasImage":true}},"hasLogo":true,"rank":57,"previousRank":58},{"coid":"411419064","added":"2017-11-21T06:00:00.000Z","company":"Nexus","companyType":"Charity hc","category":"healthcare","address1":"505 Hwy 169 N","address2":"Suite 500","city":"Plymouth","state":"MN","zip":"55441","www":"www.nexustreatment.org","shortDesc":"Community-based youth and family services, foster care/adoption programs, short and long-term residential and group home programs with year-round onsite education, transition and independent living programs, and psychiatric inpatient treatment.","history":"Added Gerard division for psychologically disturbed children in 1999. The Gerard division has treatment centers in southern Minnesota and Iowa.","founded":1982,"footnotes":null,"employees":{"2017":{"id":5626,"coid":"411419064","total":null,"added":"2017-12-11T06:00:00.000Z","publishYear":2017}},"finances":{"2016":{"id":4403,"coid":"411419064","added":"2017-11-20T06:00:00.000Z","publishYear":2016,"fiscalYearEnd":"2015-12-31T06:00:00.000Z","annualReportDate":"2015-12-31T06:00:00.000Z","source":null,"contribGrants":null,"revenue":76100000,"expenses":72800000,"excess":3300000,"programServiceRevenue":null,"footnotes":null},"2017":{"id":4506,"coid":"411419064","added":"2017-12-11T06:00:00.000Z","publishYear":2017,"fiscalYearEnd":"2016-12-31T06:00:00.000Z","annualReportDate":"2016-12-31T06:00:00.000Z","source":"consolidated financial statement","contribGrants":null,"revenue":67189900,"expenses":65877200,"excess":1312710,"programServiceRevenue":null,"footnotes":"Hutcinson retired on March 3, 2017 and replaced by Brock Wolff. Nexus consolidated results do not include operating activities of Woodbourne Center"}},"officers":{"2016":{"coid":"411419064","dropped":0,"salut":null,"first":"David","middle":null,"last":"Hutchinson","lineage":null,"title":"former President/CEO","officerId":11568,"added":"2015-12-31T06:00:00.000Z","publishYear":2016,"fiscalYearEnd":"2015-12-31T06:00:00.000Z","salary":411639,"benefit":12188,"other":null,"bonus":null,"deferred":null,"total":423827,"salaryId":5965,"officerFootnotes":null,"salaryFootnotes":null,"hasImage":false},"2017":{"coid":"411419064","dropped":0,"salut":null,"first":"David","middle":null,"last":"Hutchinson","lineage":null,"title":"former President/CEO","officerId":11568,"added":"2017-12-13T06:00:00.000Z","publishYear":2017,"fiscalYearEnd":"2016-12-31T06:00:00.000Z","salary":410621,"benefit":14929,"other":0,"bonus":0,"deferred":0,"total":425550,"salaryId":6175,"officerFootnotes":null,"salaryFootnotes":null,"hasImage":false}},"hasLogo":true,"rank":58,"previousRank":53},{"coid":"410965829","added":"2017-11-21T06:00:00.000Z","company":"Volunteers of America Care Facilities","companyType":"Trust hc","category":"healthcare","address1":"7530 Market Place Dr","address2":null,"city":"Eden Prairie","state":"MN","zip":"55344","www":"http://www.voa.org","shortDesc":"Long-term care and assisted-living facilities","history":null,"founded":1970,"footnotes":null,"employees":{"2017":{"id":5627,"coid":"410965829","total":780,"added":"2017-12-11T06:00:00.000Z","publishYear":2017}},"finances":{"2016":{"id":4426,"coid":"410965829","added":"2017-11-20T06:00:00.000Z","publishYear":2016,"fiscalYearEnd":"2015-12-31T06:00:00.000Z","annualReportDate":"2015-12-31T06:00:00.000Z","source":null,"contribGrants":null,"revenue":49300000,"expenses":48400000,"excess":900000,"programServiceRevenue":null,"footnotes":null},"2017":{"id":4507,"coid":"410965829","added":"2017-12-11T06:00:00.000Z","publishYear":2017,"fiscalYearEnd":"2017-06-30T05:00:00.000Z","annualReportDate":"2017-06-30T05:00:00.000Z","source":"Consolidated financial statement","contribGrants":159000,"revenue":66750000,"expenses":68531000,"excess":-1781000,"programServiceRevenue":171760000,"footnotes":null}},"officers":{"2016":{"coid":"410965829","dropped":0,"salut":null,"first":"Michael","middle":null,"last":"King","lineage":null,"title":"CEO","officerId":11841,"added":"2015-06-30T05:00:00.000Z","publishYear":2016,"fiscalYearEnd":"2015-06-30T05:00:00.000Z","salary":365152,"benefit":42000,"other":16069,"bonus":133,"deferred":69030,"total":492384,"salaryId":5995,"officerFootnotes":null,"salaryFootnotes":null,"hasImage":true},"2017":{"coid":"410965829","dropped":0,"salut":null,"first":"Michael","middle":null,"last":"King","lineage":null,"title":"CEO","officerId":11841,"added":"2017-12-12T06:00:00.000Z","publishYear":2017,"fiscalYearEnd":"2017-06-30T05:00:00.000Z","salary":null,"benefit":null,"other":null,"bonus":null,"deferred":null,"total":538642,"salaryId":6170,"officerFootnotes":null,"salaryFootnotes":null,"hasImage":true}},"hasLogo":true,"rank":59,"previousRank":75},{"coid":"411302487","added":"2017-11-21T06:00:00.000Z","company":"Catholic Charities of the Archdiocese of St. Paul & Minneapolis","companyType":"Charity ss","category":"social-services","address1":"1200 2nd Av S","address2":null,"city":"Minneapolis","state":"MN","zip":"55403","www":"www.cctwincities.org","shortDesc":"Catholic Charities serves those most in need regardless of faith and advocates for justice in the community with programs for children, families and adults.","history":null,"founded":null,"footnotes":null,"employees":{"2017":{"id":5628,"coid":"411302487","total":628,"added":"2017-12-11T06:00:00.000Z","publishYear":2017}},"finances":{"2016":{"id":4421,"coid":"411302487","added":"2017-11-20T06:00:00.000Z","publishYear":2016,"fiscalYearEnd":"2015-12-31T06:00:00.000Z","annualReportDate":"2015-12-31T06:00:00.000Z","source":null,"contribGrants":null,"revenue":53700000,"expenses":46400000,"excess":7400000,"programServiceRevenue":null,"footnotes":null},"2017":{"id":4508,"coid":"411302487","added":"2017-12-11T06:00:00.000Z","publishYear":2017,"fiscalYearEnd":"2016-06-30T05:00:00.000Z","annualReportDate":"2016-06-30T05:00:00.000Z","source":"IRS 990","contribGrants":34543100,"revenue":65851800,"expenses":50683200,"excess":15168500,"programServiceRevenue":30065100,"footnotes":"Catholic Charities started a capital campaign in early 2015 for a new homeless shelter, housing, and social service facility in St. Paul to replace the Dorothy Day Center shelter.  A significant share of the increase in revenues and net revenue over expense is related to this capital campaign."}},"officers":{"2016":{"coid":"411302487","dropped":0,"salut":null,"first":"Tim","middle":null,"last":"Marx","lineage":null,"title":"President/CEO","officerId":11708,"added":"2015-06-30T05:00:00.000Z","publishYear":2016,"fiscalYearEnd":"2015-06-30T05:00:00.000Z","salary":232921,"benefit":9197,"other":1032,"bonus":0,"deferred":5643,"total":248793,"salaryId":5985,"officerFootnotes":null,"salaryFootnotes":null,"hasImage":true},"2017":{"coid":"411302487","dropped":0,"salut":null,"first":"Tim","middle":null,"last":"Marx","lineage":null,"title":"President/CEO","officerId":11708,"added":"2017-12-11T06:00:00.000Z","publishYear":2017,"fiscalYearEnd":"2016-06-30T05:00:00.000Z","salary":252315,"benefit":10497,"other":1032,"bonus":0,"deferred":6250,"total":270094,"salaryId":6088,"officerFootnotes":null,"salaryFootnotes":null,"hasImage":true}},"hasLogo":true,"rank":60,"previousRank":71},{"coid":"410888641","added":"2017-11-21T06:00:00.000Z","company":"St. Therese Foundation","companyType":"Charity hc","category":"healthcare","address1":"1660 S Highway 100","address2":"Suite 103","city":"St Louis Park","state":"MN","zip":"55416","www":"www.sttheresemn.org","shortDesc":"Senior living provider with five Twin Cities campuses serving 895 seniors","history":null,"founded":1969,"footnotes":null,"employees":{"2016":{"id":5461,"coid":"410888641","total":935,"added":"2016-06-30T05:00:00.000Z","publishYear":2016},"2017":{"id":5629,"coid":"410888641","total":935,"added":"2017-12-11T06:00:00.000Z","publishYear":2017}},"finances":{"2016":{"id":4424,"coid":"410888641","added":"2017-11-20T06:00:00.000Z","publishYear":2016,"fiscalYearEnd":"2015-12-31T06:00:00.000Z","annualReportDate":"2015-12-31T06:00:00.000Z","source":null,"contribGrants":null,"revenue":49600000,"expenses":51700000,"excess":-2300000,"programServiceRevenue":null,"footnotes":null},"2017":{"id":4509,"coid":"410888641","added":"2017-12-11T06:00:00.000Z","publishYear":2017,"fiscalYearEnd":"2016-06-30T05:00:00.000Z","annualReportDate":"2016-06-30T05:00:00.000Z","source":"Consolidated financial statement","contribGrants":652986,"revenue":65177300,"expenses":69364000,"excess":-4186730,"programServiceRevenue":62291400,"footnotes":null}},"officers":{"2016":{"coid":"410888641","dropped":0,"salut":null,"first":"Barbara","middle":null,"last":"Rode","lineage":null,"title":"President/CEO","officerId":10812,"added":"2015-06-30T05:00:00.000Z","publishYear":2016,"fiscalYearEnd":"2015-06-30T05:00:00.000Z","salary":206683,"benefit":188,"other":0,"bonus":18926,"deferred":11954,"total":237751,"salaryId":5854,"officerFootnotes":null,"salaryFootnotes":null,"hasImage":true},"2017":{"coid":"410888641","dropped":0,"salut":null,"first":"Barbara","middle":null,"last":"Rode","lineage":null,"title":"President/CEO","officerId":10812,"added":"2016-06-30T05:00:00.000Z","publishYear":2017,"fiscalYearEnd":"2016-06-30T05:00:00.000Z","salary":257059,"benefit":785,"other":0,"bonus":0,"deferred":12192,"total":257059,"salaryId":5939,"officerFootnotes":null,"salaryFootnotes":null,"hasImage":true}},"hasLogo":true,"rank":61,"previousRank":74},{"coid":"411949230","added":"2017-11-21T06:00:00.000Z","company":"Glencoe Regional Health Services","companyType":"Charity hc","category":"healthcare","address1":"1805 Hennepin Av N","address2":null,"city":"Glencoe","state":"MN","zip":"55336","www":"www.grhsonline.org","shortDesc":"A regional hospital and health care center","history":null,"founded":2000,"footnotes":null,"employees":{"2017":{"id":5630,"coid":"411949230","total":550,"added":"2017-12-11T06:00:00.000Z","publishYear":2017}},"finances":{"2016":{"id":4416,"coid":"411949230","added":"2017-11-20T06:00:00.000Z","publishYear":2016,"fiscalYearEnd":"2015-12-31T06:00:00.000Z","annualReportDate":"2015-12-31T06:00:00.000Z","source":null,"contribGrants":null,"revenue":57500000,"expenses":52600000,"excess":4900000,"programServiceRevenue":null,"footnotes":null},"2017":{"id":4510,"coid":"411949230","added":"2017-12-11T06:00:00.000Z","publishYear":2017,"fiscalYearEnd":"2016-12-31T06:00:00.000Z","annualReportDate":"2016-12-31T06:00:00.000Z","source":"IRS 990","contribGrants":825876,"revenue":63770600,"expenses":58661800,"excess":5108850,"programServiceRevenue":61166300,"footnotes":null}},"officers":{"2016":{"coid":"411949230","dropped":0,"salut":null,"first":"Jon","middle":null,"last":"Braband","lineage":null,"title":"President/CEO","officerId":63785,"added":"2015-12-31T06:00:00.000Z","publishYear":2016,"fiscalYearEnd":"2015-12-31T06:00:00.000Z","salary":204395,"benefit":16799,"other":null,"bonus":19942,"deferred":null,"total":241136,"salaryId":6045,"officerFootnotes":null,"salaryFootnotes":null,"hasImage":true},"2017":{"coid":"411949230","dropped":0,"salut":null,"first":"Jon","middle":null,"last":"Braband","lineage":null,"title":"President/CEO","officerId":63785,"added":"2017-12-11T06:00:00.000Z","publishYear":2017,"fiscalYearEnd":"2016-12-31T06:00:00.000Z","salary":225000,"benefit":null,"other":43202,"bonus":null,"deferred":null,"total":268202,"salaryId":6089,"officerFootnotes":null,"salaryFootnotes":null,"hasImage":true}},"hasLogo":true,"rank":62,"previousRank":67},{"coid":"410907857","added":"2017-11-21T06:00:00.000Z","company":"Lifeworks Services Inc.","companyType":"Charity ss","category":"social-services","address1":"2965 Lone Oak Dr","address2":"Suite 160","city":"Eagan","state":"MN","zip":"55121","www":"www.lifeworks.org","shortDesc":"Serves 2,500 individuals with disabilities and their families through fiscal support, employment, and day services.","history":null,"founded":1965,"footnotes":null,"employees":{"2017":{"id":5631,"coid":"410907857","total":4342,"added":"2017-12-11T06:00:00.000Z","publishYear":2017}},"finances":{"2016":{"id":4411,"coid":"410907857","added":"2017-11-20T06:00:00.000Z","publishYear":2016,"fiscalYearEnd":"2015-12-31T06:00:00.000Z","annualReportDate":"2015-12-31T06:00:00.000Z","source":null,"contribGrants":null,"revenue":61100000,"expenses":59300000,"excess":1800000,"programServiceRevenue":null,"footnotes":null},"2017":{"id":4511,"coid":"410907857","added":"2017-12-11T06:00:00.000Z","publishYear":2017,"fiscalYearEnd":"2016-12-31T06:00:00.000Z","annualReportDate":"2016-12-31T06:00:00.000Z","source":"IRS 990","contribGrants":838024,"revenue":63614700,"expenses":61631800,"excess":1982900,"programServiceRevenue":62725800,"footnotes":null}},"officers":{"2016":{"coid":"410907857","dropped":0,"salut":null,"first":"Judy","middle":null,"last":"Lysne","lineage":null,"title":"President/CEO","officerId":10807,"added":"2015-12-31T06:00:00.000Z","publishYear":2016,"fiscalYearEnd":"2015-12-31T06:00:00.000Z","salary":179124,"benefit":24646,"other":11919,"bonus":31030,"deferred":null,"total":246719,"salaryId":5938,"officerFootnotes":null,"salaryFootnotes":null,"hasImage":true},"2017":{"coid":"410907857","dropped":0,"salut":null,"first":"Judy","middle":null,"last":"Lysne","lineage":null,"title":"President/CEO","officerId":10807,"added":"2017-12-11T06:00:00.000Z","publishYear":2017,"fiscalYearEnd":"2016-12-31T06:00:00.000Z","salary":179054,"benefit":20395,"other":15783,"bonus":38335,"deferred":null,"total":253567,"salaryId":6090,"officerFootnotes":null,"salaryFootnotes":null,"hasImage":true}},"hasLogo":true,"rank":63,"previousRank":62},{"coid":"410696906","added":"2017-11-21T06:00:00.000Z","company":"Concordia University","companyType":"Trust ee","category":"education","address1":"1282 Concordia Ave","address2":null,"city":"St Paul","state":"MN","zip":"55104","www":"www.csp.edu","shortDesc":"A private liberal arts university","history":"Concordia University is part of the Lutheran Church-Missouri Synod.","founded":1893,"footnotes":null,"employees":{"2017":{"id":5632,"coid":"410696906","total":1335,"added":"2017-12-11T06:00:00.000Z","publishYear":2017}},"finances":{"2016":{"id":4410,"coid":"410696906","added":"2017-11-20T06:00:00.000Z","publishYear":2016,"fiscalYearEnd":"2015-12-31T06:00:00.000Z","annualReportDate":"2015-12-31T06:00:00.000Z","source":null,"contribGrants":null,"revenue":63100000,"expenses":54600000,"excess":8500000,"programServiceRevenue":null,"footnotes":null},"2017":{"id":4512,"coid":"410696906","added":"2017-12-11T06:00:00.000Z","publishYear":2017,"fiscalYearEnd":"2016-06-30T05:00:00.000Z","annualReportDate":"2016-06-30T05:00:00.000Z","source":"IRS 990","contribGrants":6408510,"revenue":63104400,"expenses":54633000,"excess":8471370,"programServiceRevenue":55583100,"footnotes":null}},"officers":{"2016":{"coid":"410696906","dropped":0,"salut":null,"first":"Thomas","middle":null,"last":"Ries","lineage":null,"title":"President","officerId":11061,"added":"2015-06-30T05:00:00.000Z","publishYear":2016,"fiscalYearEnd":"2015-06-30T05:00:00.000Z","salary":120542,"benefit":65280,"other":0,"bonus":0,"deferred":103766,"total":289588,"salaryId":5942,"officerFootnotes":"formerly VP-Finance named President on June 1, 2011","salaryFootnotes":null,"hasImage":true},"2017":{"coid":"410696906","dropped":0,"salut":null,"first":"Thomas","middle":null,"last":"Ries","lineage":null,"title":"President","officerId":11061,"added":"2017-12-11T06:00:00.000Z","publishYear":2017,"fiscalYearEnd":"2016-06-30T05:00:00.000Z","salary":120542,"benefit":65280,"other":0,"bonus":0,"deferred":103766,"total":289588,"salaryId":6091,"officerFootnotes":"formerly VP-Finance named President on June 1, 2011","salaryFootnotes":null,"hasImage":true}},"hasLogo":true,"rank":64,"previousRank":61},{"coid":"410745522","added":"2017-11-21T06:00:00.000Z","company":"Aitkin Community Hospital","companyType":"Charity hc","category":"healthcare","address1":"200 Bunker Hill Dr","address2":null,"city":"Aitkin","state":"MN","zip":"56431","www":"www.riverwoodhealthcare.org","shortDesc":"dba Riverwood Healthcare Center, Aitkin Community Hospital, serves Aitkin County and surrounding communities with full service clinics in Aitkin, Garrison and McGregor and a hospital in Aitkin.","history":null,"founded":null,"footnotes":null,"employees":{"2017":{"id":5634,"coid":"410745522","total":443,"added":"2017-12-11T06:00:00.000Z","publishYear":2017}},"finances":{"2016":{"id":4414,"coid":"410745522","added":"2017-11-20T06:00:00.000Z","publishYear":2016,"fiscalYearEnd":"2015-12-31T06:00:00.000Z","annualReportDate":"2015-12-31T06:00:00.000Z","source":null,"contribGrants":null,"revenue":57900000,"expenses":54900000,"excess":5200000,"programServiceRevenue":null,"footnotes":null},"2017":{"id":4514,"coid":"410745522","added":"2017-12-11T06:00:00.000Z","publishYear":2017,"fiscalYearEnd":"2016-09-30T05:00:00.000Z","annualReportDate":"2016-09-30T05:00:00.000Z","source":"IRS 990","contribGrants":814613,"revenue":60678500,"expenses":27487500,"excess":3150860,"programServiceRevenue":59022800,"footnotes":null}},"officers":{"2016":{"coid":"410745522","dropped":0,"salut":null,"first":"Chad","middle":null,"last":"Cooper","lineage":null,"title":"CEO","officerId":12010,"added":"2015-09-30T05:00:00.000Z","publishYear":2016,"fiscalYearEnd":"2015-09-30T05:00:00.000Z","salary":null,"benefit":null,"other":null,"bonus":null,"deferred":null,"total":null,"salaryId":6023,"officerFootnotes":null,"salaryFootnotes":null,"hasImage":true},"2017":{"coid":"410745522","dropped":0,"salut":null,"first":"Chad","middle":null,"last":"Cooper","lineage":null,"title":"CEO","officerId":12010,"added":"2017-12-11T06:00:00.000Z","publishYear":2017,"fiscalYearEnd":"2016-09-30T05:00:00.000Z","salary":350716,"benefit":21216,"other":7200,"bonus":58760,"deferred":10600,"total":448492,"salaryId":6092,"officerFootnotes":null,"salaryFootnotes":null,"hasImage":true}},"hasLogo":true,"rank":65,"previousRank":65},{"coid":"410713913","added":"2017-11-21T06:00:00.000Z","company":"Tri-County Health Care","companyType":"Trust hc","category":"healthcare","address1":"415 N Jefferson St","address2":null,"city":"Wadena","state":"MN","zip":"56482","www":"www.tchc.org","shortDesc":"A 49-bed acute care hospital","history":"TCH underwent a corporate restructure Jan. 1, 2008 where home health and ambulance services are now housed in a separate corporation. TCH also integrated with Wadena Medical Center on Jan. 1, 2008","founded":1923,"footnotes":null,"employees":{"2017":{"id":5635,"coid":"410713913","total":426,"added":"2017-12-11T06:00:00.000Z","publishYear":2017}},"finances":{"2016":{"id":4418,"coid":"410713913","added":"2017-11-20T06:00:00.000Z","publishYear":2016,"fiscalYearEnd":"2015-12-31T06:00:00.000Z","annualReportDate":"2015-12-31T06:00:00.000Z","source":null,"contribGrants":null,"revenue":57100000,"expenses":56900000,"excess":200000,"programServiceRevenue":null,"footnotes":null},"2017":{"id":4515,"coid":"410713913","added":"2017-12-11T06:00:00.000Z","publishYear":2017,"fiscalYearEnd":"2016-12-31T06:00:00.000Z","annualReportDate":"2016-12-31T06:00:00.000Z","source":"IRS 990","contribGrants":762817,"revenue":60110200,"expenses":59211000,"excess":899210,"programServiceRevenue":58036200,"footnotes":null}},"officers":{"2016":{"coid":"410713913","dropped":0,"salut":null,"first":"Joel","middle":null,"last":"Beiswenger","lineage":null,"title":"CEO","officerId":10957,"added":"2015-12-31T06:00:00.000Z","publishYear":2016,"fiscalYearEnd":"2015-12-31T06:00:00.000Z","salary":267731,"benefit":35417,"other":10192,"bonus":18500,"deferred":5800,"total":337640,"salaryId":5941,"officerFootnotes":null,"salaryFootnotes":null,"hasImage":true},"2017":{"coid":"410713913","dropped":0,"salut":null,"first":"Joel","middle":null,"last":"Beiswenger","lineage":null,"title":"CEO","officerId":10957,"added":"2017-12-11T06:00:00.000Z","publishYear":2017,"fiscalYearEnd":"2016-12-31T06:00:00.000Z","salary":250768,"benefit":32661,"other":27639,"bonus":17500,"deferred":3039,"total":331607,"salaryId":6093,"officerFootnotes":null,"salaryFootnotes":null,"hasImage":true}},"hasLogo":true,"rank":66,"previousRank":69},{"coid":"411260469","added":"2017-11-21T06:00:00.000Z","company":"CommonBond Communities","companyType":"Charity ss","category":"other","address1":"1080 Montreal Av","address2":null,"city":"St Paul","state":"MN","zip":"55116","www":"www.commonbond.org","shortDesc":"Creates affordable housing communities and provides support services for residents.","history":null,"founded":null,"footnotes":null,"employees":{"2017":{"id":5636,"coid":"411260469","total":354,"added":"2017-12-11T06:00:00.000Z","publishYear":2017}},"finances":{"2017":{"id":4516,"coid":"411260469","added":"2017-12-11T06:00:00.000Z","publishYear":2017,"fiscalYearEnd":"2016-12-31T06:00:00.000Z","annualReportDate":"2016-12-31T06:00:00.000Z","source":"Consolidated financial statement","contribGrants":6590930,"revenue":59927000,"expenses":70122300,"excess":-10195300,"programServiceRevenue":53336000,"footnotes":null}},"officers":{"2016":{"coid":"411260469","dropped":0,"salut":null,"first":"Deidre","middle":null,"last":"Schmidt","lineage":null,"title":"President/CEO","officerId":12013,"added":"2015-12-31T06:00:00.000Z","publishYear":2016,"fiscalYearEnd":"2015-12-31T06:00:00.000Z","salary":208875,"benefit":15491,"other":0,"bonus":0,"deferred":0,"total":224366,"salaryId":6026,"officerFootnotes":null,"salaryFootnotes":null,"hasImage":true},"2017":{"coid":"411260469","dropped":0,"salut":null,"first":"Deidre","middle":null,"last":"Schmidt","lineage":null,"title":"President/CEO","officerId":12013,"added":"2017-12-11T06:00:00.000Z","publishYear":2017,"fiscalYearEnd":"2016-12-31T06:00:00.000Z","salary":241804,"benefit":13012,"other":0,"bonus":0,"deferred":0,"total":254816,"salaryId":6094,"officerFootnotes":null,"salaryFootnotes":null,"hasImage":true}},"hasLogo":true,"rank":67},{"coid":"410713907","added":"2017-11-21T06:00:00.000Z","company":"Minnesota Historical Society","companyType":"Charity ac","category":"education","address1":"345 W Kellogg Blvd","address2":null,"city":"St Paul","state":"MN","zip":"55102","www":"www.mnhs.org","shortDesc":"Collects, cares for and makes available materials that document life in Minnesota","history":"As part of the State's fiscal year 2004-5 budget, agreed to by Gov. Tim Pawlenty and the Minnesota Legislature, the Minnesota Historical Society's state funding will be reduced by approximately $4.3 million each year, a reduction of over 16 percent.","founded":1849,"footnotes":null,"employees":{"2017":{"id":5637,"coid":"410713907","total":791,"added":"2017-12-11T06:00:00.000Z","publishYear":2017}},"finances":{"2016":{"id":4409,"coid":"410713907","added":"2017-11-20T06:00:00.000Z","publishYear":2016,"fiscalYearEnd":"2015-12-31T06:00:00.000Z","annualReportDate":"2015-12-31T06:00:00.000Z","source":null,"contribGrants":null,"revenue":63600000,"expenses":56500000,"excess":7000000,"programServiceRevenue":null,"footnotes":null},"2017":{"id":4517,"coid":"410713907","added":"2017-12-11T06:00:00.000Z","publishYear":2017,"fiscalYearEnd":"2016-06-30T05:00:00.000Z","annualReportDate":"2016-06-30T05:00:00.000Z","source":"IRS 990","contribGrants":47216300,"revenue":59351900,"expenses":57205400,"excess":2146540,"programServiceRevenue":9677030,"footnotes":null}},"officers":{"2016":{"coid":"410713907","dropped":0,"salut":null,"first":"D. Stephen","middle":null,"last":"Elliott","lineage":null,"title":"Director and CEO","officerId":11892,"added":"2015-06-30T05:00:00.000Z","publishYear":2016,"fiscalYearEnd":"2015-06-30T05:00:00.000Z","salary":291445,"benefit":18052,"other":0,"bonus":0,"deferred":27652,"total":337149,"salaryId":5997,"officerFootnotes":null,"salaryFootnotes":null,"hasImage":true},"2017":{"coid":"410713907","dropped":0,"salut":null,"first":"D. Stephen","middle":null,"last":"Elliott","lineage":null,"title":"Director and CEO","officerId":11892,"added":"2017-12-11T06:00:00.000Z","publishYear":2017,"fiscalYearEnd":"2016-06-30T05:00:00.000Z","salary":295120,"benefit":17781,"other":0,"bonus":0,"deferred":28950,"total":341851,"salaryId":6095,"officerFootnotes":null,"salaryFootnotes":null,"hasImage":true}},"hasLogo":true,"rank":68,"previousRank":60},{"coid":"237243247","added":"2017-11-21T06:00:00.000Z","company":"The Blake School","companyType":"Trust ee","category":"education","address1":"110 Blake Road S","address2":null,"city":"Hopkins","state":"MN","zip":"55343","www":"http://www.blakeschool.org","shortDesc":"A pre-K-12, nonsectarian, independent, college preparatory day school with campuses in Minneapolis, Hopkins, and Wayzata.","history":"The present school was formed through the 1972 merger of the Northrop Collegiate School for girls and the Blake School for boys.","founded":1900,"footnotes":null,"employees":{"2017":{"id":5638,"coid":"237243247","total":662,"added":"2017-12-11T06:00:00.000Z","publishYear":2017}},"finances":{"2016":{"id":4408,"coid":"237243247","added":"2017-11-20T06:00:00.000Z","publishYear":2016,"fiscalYearEnd":"2015-12-31T06:00:00.000Z","annualReportDate":"2015-12-31T06:00:00.000Z","source":null,"contribGrants":null,"revenue":63700000,"expenses":43000000,"excess":20700000,"programServiceRevenue":null,"footnotes":null},"2017":{"id":4518,"coid":"237243247","added":"2017-12-11T06:00:00.000Z","publishYear":2017,"fiscalYearEnd":"2016-06-30T05:00:00.000Z","annualReportDate":"2016-06-30T05:00:00.000Z","source":"IRS 990","contribGrants":15386700,"revenue":59340300,"expenses":44963300,"excess":14377000,"programServiceRevenue":39224600,"footnotes":null}},"officers":{"2016":{"coid":"237243247","dropped":0,"salut":null,"first":"Anne","middle":"E.","last":"Stavney","lineage":null,"title":"Head of School","officerId":11904,"added":"2015-06-30T05:00:00.000Z","publishYear":2016,"fiscalYearEnd":"2015-06-30T05:00:00.000Z","salary":285000,"benefit":29188,"other":57574,"bonus":35000,"deferred":82300,"total":489062,"salaryId":6003,"officerFootnotes":null,"salaryFootnotes":null,"hasImage":true},"2017":{"coid":"237243247","dropped":0,"salut":null,"first":"Anne","middle":"E.","last":"Stavney","lineage":null,"title":"Head of School","officerId":11904,"added":"2017-12-11T06:00:00.000Z","publishYear":2017,"fiscalYearEnd":"2016-06-30T05:00:00.000Z","salary":325862,"benefit":30693,"other":58556,"bonus":40000,"deferred":75213,"total":530324,"salaryId":6096,"officerFootnotes":null,"salaryFootnotes":null,"hasImage":true}},"hasLogo":true,"rank":69,"previousRank":59},{"coid":"410724029","added":"2017-11-21T06:00:00.000Z","company":"Riverview Healthcare Association","companyType":"Charity hc","category":"healthcare","address1":"323 S Minnesota St","address2":null,"city":"Crookston","state":"MN","zip":"56716","www":"Riverviewhealth.org","shortDesc":"Health care services and hospital","history":null,"founded":null,"footnotes":null,"employees":{"2017":{"id":5639,"coid":"410724029","total":413,"added":"2017-12-11T06:00:00.000Z","publishYear":2017}},"finances":{"2016":{"id":4422,"coid":"410724029","added":"2017-11-20T06:00:00.000Z","publishYear":2016,"fiscalYearEnd":"2015-12-31T06:00:00.000Z","annualReportDate":"2015-12-31T06:00:00.000Z","source":null,"contribGrants":null,"revenue":53300000,"expenses":49400000,"excess":3900000,"programServiceRevenue":null,"footnotes":null},"2017":{"id":4519,"coid":"410724029","added":"2017-12-11T06:00:00.000Z","publishYear":2017,"fiscalYearEnd":"2016-09-30T05:00:00.000Z","annualReportDate":"2016-09-30T05:00:00.000Z","source":"IRS 990","contribGrants":202772,"revenue":58513000,"expenses":54399400,"excess":4113540,"programServiceRevenue":56157000,"footnotes":null}},"officers":{"2016":{"coid":"410724029","dropped":0,"salut":null,"first":"Carrie","middle":null,"last":"Michalski","lineage":null,"title":"President/CEO","officerId":11907,"added":"2015-09-30T05:00:00.000Z","publishYear":2016,"fiscalYearEnd":"2015-09-30T05:00:00.000Z","salary":196156,"benefit":15729,"other":0,"bonus":0,"deferred":5678,"total":217563,"salaryId":6005,"officerFootnotes":null,"salaryFootnotes":null,"hasImage":true},"2017":{"coid":"410724029","dropped":0,"salut":null,"first":"Carrie","middle":null,"last":"Michalski","lineage":null,"title":"President/CEO","officerId":11907,"added":"2017-12-11T06:00:00.000Z","publishYear":2017,"fiscalYearEnd":"2016-09-30T05:00:00.000Z","salary":270000,"benefit":15250,"other":null,"bonus":54000,"deferred":12881,"total":352131,"salaryId":6097,"officerFootnotes":null,"salaryFootnotes":null,"hasImage":true}},"hasLogo":true,"rank":70,"previousRank":72},{"coid":"410743546","added":"2017-11-21T06:00:00.000Z","company":"Community Memorial Hospital Association","companyType":"Charity hc","category":"healthcare","address1":"512 Skyline Blvd","address2":null,"city":"Cloquet","state":"MN","zip":"55720","www":"www.cloquethospital.com","shortDesc":"A critical access hospital providing a wide range of services. CMH is also home to Sunnyside Health Care Center, a 44 bed skilled nursing facility.","history":null,"founded":1954,"footnotes":null,"employees":{"2017":{"id":5710,"coid":"410743546","total":467,"added":"2017-12-11T06:00:00.000Z","publishYear":2017}},"finances":{"2016":{"id":4425,"coid":"410743546","added":"2017-11-20T06:00:00.000Z","publishYear":2016,"fiscalYearEnd":"2015-12-31T06:00:00.000Z","annualReportDate":"2015-12-31T06:00:00.000Z","source":null,"contribGrants":null,"revenue":49600000,"expenses":48200000,"excess":1400000,"programServiceRevenue":null,"footnotes":null},"2017":{"id":4590,"coid":"410743546","added":"2017-12-11T06:00:00.000Z","publishYear":2017,"fiscalYearEnd":"2016-09-30T05:00:00.000Z","annualReportDate":"2016-09-30T05:00:00.000Z","source":"IRS 990","contribGrants":201381,"revenue":56751400,"expenses":53509800,"excess":3241630,"programServiceRevenue":55236200,"footnotes":null}},"officers":{"2016":{"coid":"410743546","dropped":0,"salut":null,"first":"Rick","middle":null,"last":"Breuer","lineage":null,"title":"CEO/administrator","officerId":63752,"added":"2015-09-30T05:00:00.000Z","publishYear":2016,"fiscalYearEnd":"2015-09-30T05:00:00.000Z","salary":262402,"benefit":21293,"other":0,"bonus":0,"deferred":12888,"total":285269,"salaryId":6041,"officerFootnotes":null,"salaryFootnotes":null,"hasImage":true},"2017":{"coid":"410743546","dropped":0,"salut":null,"first":"Rick","middle":null,"last":"Breuer","lineage":null,"title":"CEO/administrator","officerId":63752,"added":"2017-12-11T06:00:00.000Z","publishYear":2017,"fiscalYearEnd":"2016-09-30T05:00:00.000Z","salary":263223,"benefit":24496,"other":348,"bonus":null,"deferred":13250,"total":301317,"salaryId":6145,"officerFootnotes":null,"salaryFootnotes":null,"hasImage":true}},"hasLogo":true,"rank":71,"previousRank":74},{"coid":"650639567","added":"2017-11-21T06:00:00.000Z","company":"Senior Care Communities Inc.","companyType":"Charity hc","category":"healthcare","address1":"161 St Anthony Av","address2":"Suite 825","city":"St Paul","state":"MN","zip":"55103","www":"www.seniorcarecommunities.org","shortDesc":"Senior Care Communities provides senior housing and care facilities across the Twin Cities.","history":null,"founded":1999,"footnotes":null,"employees":{"2017":{"id":5640,"coid":"650639567","total":1084,"added":"2017-12-11T06:00:00.000Z","publishYear":2017}},"finances":{"2016":{"id":4415,"coid":"650639567","added":"2017-11-20T06:00:00.000Z","publishYear":2016,"fiscalYearEnd":"2015-12-31T06:00:00.000Z","annualReportDate":"2015-12-31T06:00:00.000Z","source":null,"contribGrants":null,"revenue":57600000,"expenses":59200000,"excess":-1600000,"programServiceRevenue":null,"footnotes":null},"2017":{"id":4520,"coid":"650639567","added":"2017-12-11T06:00:00.000Z","publishYear":2017,"fiscalYearEnd":"2016-12-31T06:00:00.000Z","annualReportDate":"2016-12-31T06:00:00.000Z","source":"IRS 990","contribGrants":275037,"revenue":56393300,"expenses":56065200,"excess":328058,"programServiceRevenue":51751000,"footnotes":null}},"officers":{"2016":{"coid":"650639567","dropped":0,"salut":null,"first":"Susan","middle":null,"last":"Landwehr","lineage":null,"title":"board president","officerId":11694,"added":"2015-12-31T06:00:00.000Z","publishYear":2016,"fiscalYearEnd":"2015-12-31T06:00:00.000Z","salary":30000,"benefit":0,"other":0,"bonus":0,"deferred":0,"total":30000,"salaryId":5983,"officerFootnotes":null,"salaryFootnotes":null,"hasImage":false},"2017":{"coid":"650639567","dropped":0,"salut":null,"first":"Susan","middle":null,"last":"Landwehr Marshall","lineage":null,"title":"President/treasurer","officerId":111834,"added":"2017-12-11T06:00:00.000Z","publishYear":2017,"fiscalYearEnd":"2016-12-31T06:00:00.000Z","salary":30000,"benefit":0,"other":0,"bonus":0,"deferred":0,"total":30000,"salaryId":6157,"officerFootnotes":null,"salaryFootnotes":null,"hasImage":false}},"hasLogo":true,"rank":72,"previousRank":66},{"coid":"410693869","added":"2017-11-21T06:00:00.000Z","company":"Innovative Blood Resources","companyType":"Trust hc","category":"healthcare","address1":"737 Pelham Blvd","address2":null,"city":"St Paul","state":"MN","zip":"55114","www":"mbc.org","shortDesc":"Collects and distributes blood and provides related services","history":null,"founded":1947,"footnotes":"Memorial Blood Centers and Nebraska Community Blood Bank.","employees":{"2016":{"id":5471,"coid":"410693869","total":553,"added":"2016-05-31T05:00:00.000Z","publishYear":2016},"2017":{"id":5641,"coid":"410693869","total":553,"added":"2017-12-11T06:00:00.000Z","publishYear":2017}},"finances":{"2016":{"id":4419,"coid":"410693869","added":"2017-11-20T06:00:00.000Z","publishYear":2016,"fiscalYearEnd":"2015-12-31T06:00:00.000Z","annualReportDate":"2015-12-31T06:00:00.000Z","source":null,"contribGrants":null,"revenue":55000000,"expenses":55000000,"excess":100000,"programServiceRevenue":null,"footnotes":null},"2017":{"id":4521,"coid":"410693869","added":"2017-12-11T06:00:00.000Z","publishYear":2017,"fiscalYearEnd":"2016-05-31T05:00:00.000Z","annualReportDate":"2016-05-31T05:00:00.000Z","source":"IRS 990","contribGrants":455077,"revenue":55023300,"expenses":54963800,"excess":59505,"programServiceRevenue":53883300,"footnotes":"IBR announced in August 2016  it formed a partnership with New York Blood Center. Both companies would act indenpendently. Results are from 5/31/2016"}},"officers":{"2016":{"coid":"410693869","dropped":0,"salut":null,"first":"Donald","middle":null,"last":"Berglund","lineage":null,"title":"CEO","officerId":11268,"added":"2015-05-31T05:00:00.000Z","publishYear":2016,"fiscalYearEnd":"2015-05-31T05:00:00.000Z","salary":301957,"benefit":22011,"other":10564,"bonus":27464,"deferred":10400,"total":372396,"salaryId":5796,"officerFootnotes":null,"salaryFootnotes":null,"hasImage":false},"2017":{"coid":"410693869","dropped":0,"salut":null,"first":"Donald","middle":null,"last":"Berglund","lineage":null,"title":"CEO","officerId":11268,"added":"2016-05-31T05:00:00.000Z","publishYear":2017,"fiscalYearEnd":"2016-05-31T05:00:00.000Z","salary":306834,"benefit":23044,"other":15358,"bonus":20009,"deferred":89253,"total":454498,"salaryId":5949,"officerFootnotes":null,"salaryFootnotes":null,"hasImage":false}},"hasLogo":true,"rank":73,"previousRank":70},{"coid":"411837022","added":"2017-11-21T06:00:00.000Z","company":"Sholom Community Alliance","companyType":"Charity hc","category":"healthcare","address1":"3620 Phillips Pkwy","address2":null,"city":"St Louis Park","state":"MN","zip":"55426","www":"www.sholom.com","shortDesc":"Provides a broad continuum of residential, social service, and health care services primarily for older adults and within a Jewish environment.","history":null,"founded":null,"footnotes":"Mike Hanson","employees":{"2017":{"id":5642,"coid":"411837022","total":889,"added":"2017-12-11T06:00:00.000Z","publishYear":2017}},"finances":{"2016":{"id":4429,"coid":"411837022","added":"2017-11-20T06:00:00.000Z","publishYear":2016,"fiscalYearEnd":"2015-12-31T06:00:00.000Z","annualReportDate":"2015-12-31T06:00:00.000Z","source":null,"contribGrants":null,"revenue":45700000,"expenses":47300000,"excess":-1600000,"programServiceRevenue":null,"footnotes":null},"2017":{"id":4522,"coid":"411837022","added":"2017-12-11T06:00:00.000Z","publishYear":2017,"fiscalYearEnd":"2016-09-30T05:00:00.000Z","annualReportDate":"2016-09-30T05:00:00.000Z","source":"Consolidated financial statement","contribGrants":1270710,"revenue":53862700,"expenses":55601300,"excess":-1282780,"programServiceRevenue":47957700,"footnotes":"Sholom Community Alliance results are consolidated from nine separate 990s."}},"officers":{"2016":{"coid":"411837022","dropped":0,"salut":null,"first":"Barbara","middle":null,"last":"Klick","lineage":null,"title":"Chief Executive Officer","officerId":12069,"added":"2015-09-30T05:00:00.000Z","publishYear":2016,"fiscalYearEnd":"2015-09-30T05:00:00.000Z","salary":300000,"benefit":20000,"other":null,"bonus":null,"deferred":18000,"total":338000,"salaryId":6036,"officerFootnotes":null,"salaryFootnotes":null,"hasImage":true},"2017":{"coid":"411837022","dropped":0,"salut":null,"first":"Barbara","middle":null,"last":"Klick","lineage":null,"title":"Chief Executive Officer","officerId":12069,"added":"2017-12-11T06:00:00.000Z","publishYear":2017,"fiscalYearEnd":"2016-09-30T05:00:00.000Z","salary":299998,"benefit":0,"other":null,"bonus":0,"deferred":18000,"total":317998,"salaryId":6098,"officerFootnotes":null,"salaryFootnotes":null,"hasImage":true}},"hasLogo":true,"rank":74,"previousRank":77},{"coid":"410695603","added":"2017-11-21T06:00:00.000Z","company":"St. Joseph's Area Health Services","companyType":"Charity hc","category":"healthcare","address1":"600 Pleasant Ave","address2":null,"city":"Park Rapids","state":"MN","zip":"56470","www":"http://sjahs.org","shortDesc":"A 25-bed CAH acute care and general care health organization","history":null,"founded":1985,"footnotes":null,"employees":{"2017":{"id":5643,"coid":"410695603","total":327,"added":"2017-12-11T06:00:00.000Z","publishYear":2017}},"finances":{"2016":{"id":4417,"coid":"410695603","added":"2017-11-20T06:00:00.000Z","publishYear":2016,"fiscalYearEnd":"2015-12-31T06:00:00.000Z","annualReportDate":"2015-12-31T06:00:00.000Z","source":null,"contribGrants":null,"revenue":57400000,"expenses":46000000,"excess":11400000,"programServiceRevenue":null,"footnotes":null},"2017":{"id":4523,"coid":"410695603","added":"2017-12-11T06:00:00.000Z","publishYear":2017,"fiscalYearEnd":"2016-06-03T05:00:00.000Z","annualReportDate":"2016-06-03T05:00:00.000Z","source":"IRS 990","contribGrants":1436590,"revenue":53595700,"expenses":43843400,"excess":9752270,"programServiceRevenue":49689700,"footnotes":null}},"officers":{"2016":{"coid":"410695603","dropped":0,"salut":null,"first":"Ben","middle":null,"last":"Koppelman","lineage":null,"title":"President","officerId":11577,"added":"2015-06-30T05:00:00.000Z","publishYear":2016,"fiscalYearEnd":"2015-06-30T05:00:00.000Z","salary":212847,"benefit":19496,"other":62461,"bonus":35997,"deferred":36017,"total":366818,"salaryId":5969,"officerFootnotes":null,"salaryFootnotes":null,"hasImage":true},"2017":{"coid":"410695603","dropped":0,"salut":null,"first":"Ben","middle":null,"last":"Koppelman","lineage":null,"title":"President","officerId":11577,"added":"2017-12-11T06:00:00.000Z","publishYear":2017,"fiscalYearEnd":"2016-06-03T05:00:00.000Z","salary":236438,"benefit":18976,"other":109352,"bonus":43787,"deferred":14516,"total":423069,"salaryId":6099,"officerFootnotes":null,"salaryFootnotes":null,"hasImage":true}},"hasLogo":true,"rank":75,"previousRank":68},{"coid":"410726167","added":"2017-11-21T06:00:00.000Z","company":"American Academy of Neurology","companyType":"Charity ot","category":"other","address1":"201 Chicago Av","address2":null,"city":"Minneapolis","state":"MN","zip":"55415","www":"www.aan.com","shortDesc":"The world’s largest association of neurologists and neuroscience professionals, with 32,000 members. The AAN is dedicated to promoting the highest quality patient-centered neurologic care.","history":null,"founded":1953,"footnotes":null,"employees":{"2017":{"id":5644,"coid":"410726167","total":175,"added":"2017-12-11T06:00:00.000Z","publishYear":2017}},"finances":{"2016":{"id":4428,"coid":"410726167","added":"2017-11-20T06:00:00.000Z","publishYear":2016,"fiscalYearEnd":"2015-12-31T06:00:00.000Z","annualReportDate":"2015-12-31T06:00:00.000Z","source":null,"contribGrants":null,"revenue":45700000,"expenses":43100000,"excess":2300000,"programServiceRevenue":null,"footnotes":null},"2017":{"id":4524,"coid":"410726167","added":"2017-12-11T06:00:00.000Z","publishYear":2017,"fiscalYearEnd":"2016-12-31T06:00:00.000Z","annualReportDate":"2016-12-31T06:00:00.000Z","source":"Consolidated financial statement","contribGrants":7429680,"revenue":52303600,"expenses":45948900,"excess":6354680,"programServiceRevenue":44873900,"footnotes":"-"}},"officers":{"2016":{"coid":"410726167","dropped":0,"salut":null,"first":"Catherine","middle":null,"last":"Rydell","lineage":null,"title":"Executive Director, CEO","officerId":9611,"added":"2015-12-31T06:00:00.000Z","publishYear":2016,"fiscalYearEnd":"2015-12-31T06:00:00.000Z","salary":436062,"benefit":8317,"other":116442,"bonus":104999,"deferred":99595,"total":765414,"salaryId":5911,"officerFootnotes":"replaced Jan Kolehmainen in February 1999.","salaryFootnotes":null,"hasImage":true},"2017":{"coid":"410726167","dropped":0,"salut":null,"first":"Catherine","middle":null,"last":"Rydell","lineage":null,"title":"Executive Director, CEO","officerId":9611,"added":"2017-12-11T06:00:00.000Z","publishYear":2017,"fiscalYearEnd":"2016-12-31T06:00:00.000Z","salary":421652,"benefit":7495,"other":142610,"bonus":71770,"deferred":27825,"total":671352,"salaryId":6100,"officerFootnotes":"replaced Jan Kolehmainen in February 1999.","salaryFootnotes":null,"hasImage":true}},"hasLogo":true,"rank":76,"previousRank":77},{"coid":"410706171","added":"2017-11-21T06:00:00.000Z","company":"Goodwill / Easter Seals Minnesota","companyType":"Charity ss","category":"social-services","address1":"553 Fairview Av N","address2":null,"city":"St Paul","state":"MN","zip":"55104","www":"www.goodwilleasterseals.org","shortDesc":"Provides comprehensive, proven employment, education and independence services. Goodwill's mission is to prepare people for work throughout Minnesota and western Wisconsin.","history":null,"founded":null,"footnotes":null,"employees":{"2017":{"id":5645,"coid":"410706171","total":3840,"added":"2017-12-11T06:00:00.000Z","publishYear":2017}},"finances":{"2016":{"id":4412,"coid":"410706171","added":"2017-11-20T06:00:00.000Z","publishYear":2016,"fiscalYearEnd":"2015-12-31T06:00:00.000Z","annualReportDate":"2015-12-31T06:00:00.000Z","source":null,"contribGrants":null,"revenue":59300000,"expenses":60600000,"excess":-1400000,"programServiceRevenue":null,"footnotes":null},"2017":{"id":4525,"coid":"410706171","added":"2017-12-11T06:00:00.000Z","publishYear":2017,"fiscalYearEnd":"2016-09-30T05:00:00.000Z","annualReportDate":"2016-09-30T05:00:00.000Z","source":"IRS 990","contribGrants":18830000,"revenue":52064900,"expenses":56531100,"excess":-4466210,"programServiceRevenue":3526780,"footnotes":null}},"officers":{"2016":{"coid":"410706171","dropped":0,"salut":"Mr.","first":"Michael","middle":null,"last":"Wirth-Davis","lineage":null,"title":"President/CEO","officerId":10205,"added":"2015-09-30T05:00:00.000Z","publishYear":2016,"fiscalYearEnd":"2015-09-30T05:00:00.000Z","salary":250700,"benefit":2300,"other":7338,"bonus":0,"deferred":7511,"total":267849,"salaryId":5921,"officerFootnotes":null,"salaryFootnotes":null,"hasImage":true},"2017":{"coid":"410706171","dropped":0,"salut":"Mr.","first":"Michael","middle":null,"last":"Wirth-Davis","lineage":null,"title":"President/CEO","officerId":10205,"added":"2017-12-11T06:00:00.000Z","publishYear":2017,"fiscalYearEnd":"2016-09-30T05:00:00.000Z","salary":262731,"benefit":1866,"other":5282,"bonus":0,"deferred":8109,"total":277988,"salaryId":6101,"officerFootnotes":null,"salaryFootnotes":null,"hasImage":true}},"hasLogo":true,"rank":77,"previousRank":63},{"coid":"411804205","added":"2017-11-21T06:00:00.000Z","company":"LifeCare Medical Center","companyType":"Charity hc","category":"healthcare","address1":"715 Delmore Dr","address2":null,"city":"Roseau","state":"MN","zip":"56751","www":"lifecaremedicalcenter.org","shortDesc":"Hospital, health care and long-term care services","history":"fka Roseau Area Hospital and Homes Inc.","founded":1994,"footnotes":null,"employees":{"2017":{"id":5646,"coid":"411804205","total":450,"added":"2017-12-11T06:00:00.000Z","publishYear":2017}},"finances":{"2016":{"id":4437,"coid":"411804205","added":"2017-11-20T06:00:00.000Z","publishYear":2016,"fiscalYearEnd":"2015-12-31T06:00:00.000Z","annualReportDate":"2015-12-31T06:00:00.000Z","source":null,"contribGrants":null,"revenue":41500000,"expenses":39200000,"excess":2300000,"programServiceRevenue":null,"footnotes":null},"2017":{"id":4526,"coid":"411804205","added":"2017-12-11T06:00:00.000Z","publishYear":2017,"fiscalYearEnd":"2016-09-30T05:00:00.000Z","annualReportDate":"2016-09-30T05:00:00.000Z","source":"IRS 990","contribGrants":219635,"revenue":46925800,"expenses":41747400,"excess":5178360,"programServiceRevenue":46188200,"footnotes":null}},"officers":{"2016":{"coid":"411804205","dropped":0,"salut":null,"first":"Keith","middle":null,"last":"Okeson","lineage":null,"title":"President/CEO","officerId":11391,"added":"2015-09-30T05:00:00.000Z","publishYear":2016,"fiscalYearEnd":"2015-09-30T05:00:00.000Z","salary":271818,"benefit":41841,"other":null,"bonus":null,"deferred":null,"total":313659,"salaryId":5957,"officerFootnotes":null,"salaryFootnotes":null,"hasImage":false},"2017":{"coid":"411804205","dropped":0,"salut":null,"first":"Keith","middle":null,"last":"Okeson","lineage":null,"title":"President/CEO","officerId":11391,"added":"2017-12-11T06:00:00.000Z","publishYear":2017,"fiscalYearEnd":"2016-09-30T05:00:00.000Z","salary":271818,"benefit":25755,"other":0,"bonus":0,"deferred":17856,"total":315429,"salaryId":6102,"officerFootnotes":null,"salaryFootnotes":null,"hasImage":false}},"hasLogo":true,"rank":78,"previousRank":85},{"coid":"363584029","added":"2017-11-21T06:00:00.000Z","company":"Upper Midwest Organ Procurement Organization Inc.","companyType":"Charity hc","category":"healthcare","address1":"2225 West River Road N","address2":null,"city":"Minneapolis","state":"MN","zip":"55411","www":"www.life-source.org","shortDesc":"Federally designated organ procurement organization","history":null,"founded":1987,"footnotes":null,"employees":{"2017":{"id":5647,"coid":"363584029","total":145,"added":"2017-12-11T06:00:00.000Z","publishYear":2017}},"finances":{"2016":{"id":4438,"coid":"363584029","added":"2017-11-20T06:00:00.000Z","publishYear":2016,"fiscalYearEnd":"2015-12-31T06:00:00.000Z","annualReportDate":"2015-12-31T06:00:00.000Z","source":null,"contribGrants":null,"revenue":41400000,"expenses":39400000,"excess":2000000,"programServiceRevenue":null,"footnotes":null},"2017":{"id":4527,"coid":"363584029","added":"2017-12-11T06:00:00.000Z","publishYear":2017,"fiscalYearEnd":"2016-12-31T06:00:00.000Z","annualReportDate":"2016-12-31T06:00:00.000Z","source":"IRS 990","contribGrants":410650,"revenue":45963500,"expenses":41445400,"excess":4518050,"programServiceRevenue":45186600,"footnotes":null}},"officers":{"2016":{"coid":"363584029","dropped":0,"salut":null,"first":"Susan","middle":null,"last":"Raether","lineage":null,"title":"Chief Executive Officer","officerId":111816,"added":"2015-12-31T06:00:00.000Z","publishYear":2016,"fiscalYearEnd":"2015-12-31T06:00:00.000Z","salary":492929,"benefit":33150,"other":26774,"bonus":0,"deferred":39200,"total":592053,"salaryId":6047,"officerFootnotes":null,"salaryFootnotes":null,"hasImage":false},"2017":{"coid":"363584029","dropped":0,"salut":null,"first":"Susan","middle":null,"last":"Raether","lineage":null,"title":"Chief Executive Officer","officerId":111816,"added":"2017-12-11T06:00:00.000Z","publishYear":2017,"fiscalYearEnd":"2016-12-31T06:00:00.000Z","salary":445248,"benefit":33390,"other":27346,"bonus":0,"deferred":39200,"total":545186,"salaryId":6103,"officerFootnotes":null,"salaryFootnotes":null,"hasImage":false}},"hasLogo":true,"rank":79,"previousRank":86},{"coid":"410721640","added":"2017-11-21T06:00:00.000Z","company":"Eventide","companyType":"Charity hc","category":"healthcare","address1":"1405 S 7th St","address2":null,"city":"Moorhead","state":"MN","zip":"56560","www":"www.eventide.org","shortDesc":"Long term care and elderly housing facility","history":null,"founded":1953,"footnotes":null,"employees":{"2017":{"id":5648,"coid":"410721640","total":1450,"added":"2017-12-11T06:00:00.000Z","publishYear":2017}},"finances":{"2016":{"id":4440,"coid":"410721640","added":"2017-11-20T06:00:00.000Z","publishYear":2016,"fiscalYearEnd":"2015-12-31T06:00:00.000Z","annualReportDate":"2015-12-31T06:00:00.000Z","source":null,"contribGrants":null,"revenue":40100000,"expenses":39500000,"excess":600000,"programServiceRevenue":null,"footnotes":null},"2017":{"id":4528,"coid":"410721640","added":"2017-12-11T06:00:00.000Z","publishYear":2017,"fiscalYearEnd":"2016-09-30T05:00:00.000Z","annualReportDate":"2016-09-30T05:00:00.000Z","source":"IRS 990","contribGrants":143245,"revenue":45687500,"expenses":47031700,"excess":-1344200,"programServiceRevenue":45609700,"footnotes":null}},"officers":{"2016":{"coid":"410721640","dropped":0,"salut":null,"first":"Jon","middle":null,"last":"Riewer","lineage":null,"title":"President/CEO","officerId":11289,"added":"2015-09-30T05:00:00.000Z","publishYear":2016,"fiscalYearEnd":"2015-09-30T05:00:00.000Z","salary":322300,"benefit":20521,"other":null,"bonus":null,"deferred":null,"total":342821,"salaryId":5952,"officerFootnotes":null,"salaryFootnotes":null,"hasImage":true},"2017":{"coid":"410721640","dropped":0,"salut":null,"first":"Jon","middle":null,"last":"Riewer","lineage":null,"title":"President/CEO","officerId":11289,"added":"2017-12-11T06:00:00.000Z","publishYear":2017,"fiscalYearEnd":"2016-09-30T05:00:00.000Z","salary":373744,"benefit":19116,"other":null,"bonus":null,"deferred":7614,"total":400474,"salaryId":6104,"officerFootnotes":null,"salaryFootnotes":null,"hasImage":true}},"hasLogo":true,"rank":80,"previousRank":88},{"coid":"410962296","added":"2017-11-21T06:00:00.000Z","company":"People Incorporated","companyType":"Charity ss","category":"healthcare","address1":"2060 Centre Pointe Blvd","address2":"Suite 3","city":"St Paul","state":"MN","zip":"55120","www":"www.peopleincorporated.org","shortDesc":"Supports mental health and wellness through collaboration and integration of care.","history":null,"founded":null,"footnotes":null,"employees":{"2017":{"id":5649,"coid":"410962296","total":719,"added":"2017-12-11T06:00:00.000Z","publishYear":2017}},"finances":{"2016":{"id":4435,"coid":"410962296","added":"2017-11-20T06:00:00.000Z","publishYear":2016,"fiscalYearEnd":"2015-12-31T06:00:00.000Z","annualReportDate":"2015-12-31T06:00:00.000Z","source":null,"contribGrants":null,"revenue":42300000,"expenses":41000000,"excess":1400000,"programServiceRevenue":null,"footnotes":null},"2017":{"id":4529,"coid":"410962296","added":"2017-12-11T06:00:00.000Z","publishYear":2017,"fiscalYearEnd":"2016-12-31T06:00:00.000Z","annualReportDate":"2016-12-31T06:00:00.000Z","source":"IRS 990","contribGrants":3010070,"revenue":45621800,"expenses":43708400,"excess":1913400,"programServiceRevenue":42636400,"footnotes":null}},"officers":{"2016":{"coid":"410962296","dropped":0,"salut":null,"first":"Jill","middle":null,"last":"Wiedemann-West","lineage":null,"title":"CEO","officerId":11968,"added":"2015-12-31T06:00:00.000Z","publishYear":2016,"fiscalYearEnd":"2015-12-31T06:00:00.000Z","salary":224614,"benefit":null,"other":28487,"bonus":null,"deferred":null,"total":253101,"salaryId":6021,"officerFootnotes":null,"salaryFootnotes":null,"hasImage":true},"2017":{"coid":"410962296","dropped":0,"salut":null,"first":"Jill","middle":null,"last":"Wiedemann-West","lineage":null,"title":"CEO","officerId":11968,"added":"2017-12-11T06:00:00.000Z","publishYear":2017,"fiscalYearEnd":"2016-12-31T06:00:00.000Z","salary":256299,"benefit":15687,"other":0,"bonus":0,"deferred":15294,"total":287280,"salaryId":6105,"officerFootnotes":null,"salaryFootnotes":null,"hasImage":true}},"hasLogo":true,"rank":81,"previousRank":83},{"coid":"411554078","added":"2017-11-21T06:00:00.000Z","company":"Volunteers of America - Minnesota and Wisconsin","companyType":"Charity ss","category":"social-services","address1":"7625 Metro Blvd","address2":null,"city":"Edina","state":"MN","zip":"55439","www":"www.voamnwi.org","shortDesc":"A comprehensive health and human services organization -- offering self-reliance, dignity and hope.","history":"On January 1, 1999 Senior Resources Inc., which provides services for seniors merged with The Volunteers of America -  Minnesota.","founded":null,"footnotes":null,"employees":{"2017":{"id":5650,"coid":"411554078","total":800,"added":"2017-12-11T06:00:00.000Z","publishYear":2017}},"finances":{"2016":{"id":4434,"coid":"411554078","added":"2017-11-20T06:00:00.000Z","publishYear":2016,"fiscalYearEnd":"2015-12-31T06:00:00.000Z","annualReportDate":"2015-12-31T06:00:00.000Z","source":null,"contribGrants":null,"revenue":43100000,"expenses":41200000,"excess":1900000,"programServiceRevenue":null,"footnotes":null},"2017":{"id":4530,"coid":"411554078","added":"2017-12-11T06:00:00.000Z","publishYear":2017,"fiscalYearEnd":"2016-06-30T05:00:00.000Z","annualReportDate":"2016-06-30T05:00:00.000Z","source":"IRS 990","contribGrants":1418990,"revenue":44682100,"expenses":44173000,"excess":509133,"programServiceRevenue":40605900,"footnotes":"These totals combine IRS Form 990s for Volunteers of America of Minnesota and Wisconsin."}},"officers":{"2016":{"coid":"411554078","dropped":0,"salut":null,"first":"Paula","middle":null,"last":"Hart","lineage":null,"title":"President/CEO","officerId":11288,"added":"2015-06-30T05:00:00.000Z","publishYear":2016,"fiscalYearEnd":"2015-06-30T05:00:00.000Z","salary":null,"benefit":null,"other":null,"bonus":null,"deferred":null,"total":245836,"salaryId":5951,"officerFootnotes":null,"salaryFootnotes":null,"hasImage":true},"2017":{"coid":"411554078","dropped":0,"salut":null,"first":"Paula","middle":null,"last":"Hart","lineage":null,"title":"President/CEO","officerId":11288,"added":"2017-12-11T06:00:00.000Z","publishYear":2017,"fiscalYearEnd":"2016-06-30T05:00:00.000Z","salary":197152,"benefit":null,"other":72224,"bonus":null,"deferred":null,"total":269376,"salaryId":6106,"officerFootnotes":null,"salaryFootnotes":null,"hasImage":true}},"hasLogo":true,"rank":82,"previousRank":82},{"coid":"411330242","added":"2017-11-21T06:00:00.000Z","company":"Accessible Space Inc.","companyType":"Charity hc","category":"healthcare","address1":"2550 University Ave Suite 330 N","address2":"Suite 330N","city":"St Paul","state":"MN","zip":"55114","www":"accessiblespace.org","shortDesc":"Provides community-based health care services, assisted living, outpatient rehabilitation care and housing to adults with physical disabilities, as well as seniors.","history":null,"founded":1978,"footnotes":null,"employees":{"2017":{"id":5651,"coid":"411330242","total":562,"added":"2017-12-11T06:00:00.000Z","publishYear":2017}},"finances":{"2016":{"id":4433,"coid":"411330242","added":"2017-11-20T06:00:00.000Z","publishYear":2016,"fiscalYearEnd":"2015-12-31T06:00:00.000Z","annualReportDate":"2015-12-31T06:00:00.000Z","source":null,"contribGrants":null,"revenue":44300000,"expenses":46600000,"excess":-2300000,"programServiceRevenue":null,"footnotes":null},"2017":{"id":4531,"coid":"411330242","added":"2017-12-11T06:00:00.000Z","publishYear":2017,"fiscalYearEnd":"2016-12-31T06:00:00.000Z","annualReportDate":"2016-12-31T06:00:00.000Z","source":"Consolidated financial statement","contribGrants":6886630,"revenue":42275000,"expenses":48483100,"excess":-6208130,"programServiceRevenue":32813700,"footnotes":"Expenses include depreciation of $9.2 million"}},"officers":{"2016":{"coid":"411330242","dropped":0,"salut":"Mr.","first":"Stephen","middle":null,"last":"Vander Schaaf","lineage":null,"title":"President/CEO","officerId":10013,"added":"2015-12-31T06:00:00.000Z","publishYear":2016,"fiscalYearEnd":"2015-12-31T06:00:00.000Z","salary":366954,"benefit":14573,"other":24000,"bonus":38825,"deferred":null,"total":444352,"salaryId":5915,"officerFootnotes":null,"salaryFootnotes":null,"hasImage":false},"2017":{"coid":"411330242","dropped":0,"salut":"Mr.","first":"Stephen","middle":null,"last":"Vander Schaaf","lineage":null,"title":"President/CEO","officerId":10013,"added":"2017-12-11T06:00:00.000Z","publishYear":2017,"fiscalYearEnd":"2016-12-31T06:00:00.000Z","salary":386524,"benefit":3111,"other":null,"bonus":40160,"deferred":24000,"total":453795,"salaryId":6107,"officerFootnotes":null,"salaryFootnotes":null,"hasImage":false}},"hasLogo":true,"rank":83,"previousRank":81},{"coid":"410693872","added":"2017-11-21T06:00:00.000Z","company":"Minnesota Masonic Charities","companyType":"Charity hc","category":"other","address1":"11501 Masonic Home Drive","address2":null,"city":"Bloomington","state":"MN","zip":"55437","www":"www.mnmasoniccharities.org","shortDesc":"Strengthens the communities of Minnesota through broad-based philanthropy. Areas of support  include social services, health care, medical research and education.","history":null,"founded":1928,"footnotes":null,"employees":{"2017":{"id":5652,"coid":"410693872","total":751,"added":"2017-12-11T06:00:00.000Z","publishYear":2017}},"finances":{"2016":{"id":4443,"coid":"410693872","added":"2017-11-20T06:00:00.000Z","publishYear":2016,"fiscalYearEnd":"2015-12-31T06:00:00.000Z","annualReportDate":"2015-12-31T06:00:00.000Z","source":null,"contribGrants":null,"revenue":37800000,"expenses":38900000,"excess":-1000000,"programServiceRevenue":null,"footnotes":null},"2017":{"id":4532,"coid":"410693872","added":"2017-12-11T06:00:00.000Z","publishYear":2017,"fiscalYearEnd":"2016-12-31T06:00:00.000Z","annualReportDate":"2016-12-31T06:00:00.000Z","source":"IRS 990","contribGrants":475496,"revenue":42251100,"expenses":42046500,"excess":204513,"programServiceRevenue":35552100,"footnotes":null}},"officers":{"2016":{"coid":"410693872","dropped":0,"salut":null,"first":"Eric J.","middle":null,"last":"Neetenbeek","lineage":null,"title":"President/CEO","officerId":11393,"added":"2015-12-31T06:00:00.000Z","publishYear":2016,"fiscalYearEnd":"2015-12-31T06:00:00.000Z","salary":298711,"benefit":1104,"other":19892,"bonus":60000,"deferred":15536,"total":395243,"salaryId":5958,"officerFootnotes":null,"salaryFootnotes":null,"hasImage":false},"2017":{"coid":"410693872","dropped":0,"salut":null,"first":"Eric J.","middle":null,"last":"Neetenbeek","lineage":null,"title":"President/CEO","officerId":11393,"added":"2017-12-11T06:00:00.000Z","publishYear":2017,"fiscalYearEnd":"2016-12-31T06:00:00.000Z","salary":281626,"benefit":19595,"other":21015,"bonus":75000,"deferred":16065,"total":413301,"salaryId":6108,"officerFootnotes":null,"salaryFootnotes":null,"hasImage":false}},"hasLogo":true,"rank":84,"previousRank":91},{"coid":"410693894","added":"2017-11-21T06:00:00.000Z","company":"Breck School","companyType":"Trust ee","category":"education","address1":"123 Ottawa Ave N","address2":null,"city":"Golden Valley","state":"MN","zip":"55422","www":"http://www.breckschool.org","shortDesc":"Primary and secondary school","history":null,"founded":1886,"footnotes":null,"employees":{"2017":{"id":5653,"coid":"410693894","total":470,"added":"2017-12-11T06:00:00.000Z","publishYear":2017}},"finances":{"2016":{"id":4436,"coid":"410693894","added":"2017-11-20T06:00:00.000Z","publishYear":2016,"fiscalYearEnd":"2015-12-31T06:00:00.000Z","annualReportDate":"2015-12-31T06:00:00.000Z","source":null,"contribGrants":null,"revenue":42000000,"expenses":39300000,"excess":2700000,"programServiceRevenue":null,"footnotes":null},"2017":{"id":4533,"coid":"410693894","added":"2017-12-11T06:00:00.000Z","publishYear":2017,"fiscalYearEnd":"2016-06-30T05:00:00.000Z","annualReportDate":"2016-06-30T05:00:00.000Z","source":"IRS 990","contribGrants":4830510,"revenue":41342300,"expenses":40538700,"excess":803596,"programServiceRevenue":34980500,"footnotes":"Edward Kim was head of school through June 2017. Dr. Natalia Rico Hernández was appointed new head of school of July 1, 2017"}},"officers":{"2016":{"coid":"410693894","dropped":0,"salut":"Mr.","first":"Edward","middle":null,"last":"Kim","lineage":null,"title":"former Head of School","officerId":11637,"added":"2015-06-30T05:00:00.000Z","publishYear":2016,"fiscalYearEnd":"2015-06-30T05:00:00.000Z","salary":320857,"benefit":16564,"other":99208,"bonus":50000,"deferred":20800,"total":507429,"salaryId":5976,"officerFootnotes":null,"salaryFootnotes":null,"hasImage":true},"2017":{"coid":"410693894","dropped":0,"salut":"Mr.","first":"Edward","middle":null,"last":"Kim","lineage":null,"title":"former Head of School","officerId":11637,"added":"2017-12-11T06:00:00.000Z","publishYear":2017,"fiscalYearEnd":"2016-06-30T05:00:00.000Z","salary":387525,"benefit":17454,"other":86310,"bonus":28000,"deferred":21200,"total":540489,"salaryId":6109,"officerFootnotes":null,"salaryFootnotes":null,"hasImage":true}},"hasLogo":true,"rank":85,"previousRank":84},{"coid":"410948382","added":"2017-11-21T06:00:00.000Z","company":"Planned Parenthood  MN/ND/SD","companyType":"Nonprofits hc","category":"healthcare","address1":"671 Vandalia Street","address2":null,"city":"St Paul","state":"MN","zip":"55116","www":"www.ppmns.org","shortDesc":"Provides reproductive health and family planning services to women, men and young people","history":null,"founded":null,"footnotes":null,"employees":{"2017":{"id":5654,"coid":"410948382","total":431,"added":"2017-12-11T06:00:00.000Z","publishYear":2017}},"finances":{"2016":{"id":4432,"coid":"410948382","added":"2017-11-20T06:00:00.000Z","publishYear":2016,"fiscalYearEnd":"2015-12-31T06:00:00.000Z","annualReportDate":"2015-12-31T06:00:00.000Z","source":null,"contribGrants":null,"revenue":44400000,"expenses":40800000,"excess":3700000,"programServiceRevenue":null,"footnotes":null},"2017":{"id":4534,"coid":"410948382","added":"2017-12-11T06:00:00.000Z","publishYear":2017,"fiscalYearEnd":"2016-06-30T05:00:00.000Z","annualReportDate":"2016-06-30T05:00:00.000Z","source":"IRS 990","contribGrants":13639100,"revenue":40857100,"expenses":84678100,"excess":-43821000,"programServiceRevenue":25482200,"footnotes":"Planned Parenthood’s expenses include a transfer of property and funds worth $42.1 million to create a new fund  to solicit and manage major gifts, property and an endowment to be called Planned Parenthood Minnesota, North Dakota, South Dakota Fund."}},"officers":{"2016":{"coid":"410948382","dropped":0,"salut":null,"first":"Sarah","middle":null,"last":"Stoesz","lineage":null,"title":"President/CEO","officerId":7015,"added":"2015-06-30T05:00:00.000Z","publishYear":2016,"fiscalYearEnd":"2015-06-30T05:00:00.000Z","salary":320908,"benefit":24747,"other":81252,"bonus":0,"deferred":61162,"total":488069,"salaryId":5907,"officerFootnotes":null,"salaryFootnotes":null,"hasImage":true},"2017":{"coid":"410948382","dropped":0,"salut":null,"first":"Sarah","middle":null,"last":"Stoesz","lineage":null,"title":"President/CEO","officerId":7015,"added":"2017-12-11T06:00:00.000Z","publishYear":2017,"fiscalYearEnd":"2016-06-30T05:00:00.000Z","salary":344292,"benefit":26066,"other":24627,"bonus":0,"deferred":69177,"total":464162,"salaryId":6110,"officerFootnotes":null,"salaryFootnotes":null,"hasImage":true}},"hasLogo":true,"rank":86,"previousRank":80},{"coid":"410769851","added":"2017-11-21T06:00:00.000Z","company":"Twin Cities Public Television","companyType":"Charity ac","category":"other","address1":"172 E Fourth St","address2":null,"city":"St Paul","state":"MN","zip":"55101","www":"www.tpt.org","shortDesc":"A public television station and multimedia organization","history":null,"founded":null,"footnotes":null,"employees":{"2017":{"id":5655,"coid":"410769851","total":302,"added":"2017-12-11T06:00:00.000Z","publishYear":2017}},"finances":{"2016":{"id":4445,"coid":"410769851","added":"2017-11-20T06:00:00.000Z","publishYear":2016,"fiscalYearEnd":"2015-12-31T06:00:00.000Z","annualReportDate":"2015-12-31T06:00:00.000Z","source":null,"contribGrants":null,"revenue":36000000,"expenses":31400000,"excess":4600000,"programServiceRevenue":null,"footnotes":null},"2017":{"id":4535,"coid":"410769851","added":"2017-12-11T06:00:00.000Z","publishYear":2017,"fiscalYearEnd":"2016-08-31T05:00:00.000Z","annualReportDate":"2016-08-31T05:00:00.000Z","source":"IRS 990","contribGrants":36179200,"revenue":40602800,"expenses":32997900,"excess":7604920,"programServiceRevenue":2563390,"footnotes":null}},"officers":{"2016":{"coid":"410769851","dropped":0,"salut":null,"first":"James","middle":"R.","last":"Pagliarini","lineage":null,"title":"President/CEO","officerId":6101,"added":"2015-08-31T05:00:00.000Z","publishYear":2016,"fiscalYearEnd":"2015-08-31T05:00:00.000Z","salary":303623,"benefit":14291,"other":17500,"bonus":55000,"deferred":10100,"total":400514,"salaryId":5906,"officerFootnotes":null,"salaryFootnotes":null,"hasImage":true},"2017":{"coid":"410769851","dropped":0,"salut":null,"first":"James","middle":"R.","last":"Pagliarini","lineage":null,"title":"President/CEO","officerId":6101,"added":"2017-12-11T06:00:00.000Z","publishYear":2017,"fiscalYearEnd":"2016-08-31T05:00:00.000Z","salary":324985,"benefit":15896,"other":18000,"bonus":60000,"deferred":11645,"total":430526,"salaryId":6111,"officerFootnotes":null,"salaryFootnotes":null,"hasImage":true}},"hasLogo":true,"rank":87,"previousRank":93},{"coid":"363241033","added":"2017-11-21T06:00:00.000Z","company":"American Refugee Committee","companyType":"Charity ss","category":"social-services","address1":"615 1st Ave NE","address2":"Suite 500","city":"Minneapolis","state":"MN","zip":"55413-","www":"http://arcrelief.org/","shortDesc":"A humanitarian aid agency that works to help people take back control of their lives.","history":"The American Refugee Committee was formed in 1978 to help resettle refugees who were fleeing their homelands as a result of the Indochinese conflict. In the 1980's and 1990's the organization expanded to help refugees in other parts of the world.","founded":1978,"footnotes":null,"employees":{"2017":{"id":5656,"coid":"363241033","total":100,"added":"2017-12-11T06:00:00.000Z","publishYear":2017}},"finances":{"2016":{"id":4427,"coid":"363241033","added":"2017-11-20T06:00:00.000Z","publishYear":2016,"fiscalYearEnd":"2015-12-31T06:00:00.000Z","annualReportDate":"2015-12-31T06:00:00.000Z","source":null,"contribGrants":null,"revenue":47900000,"expenses":44900000,"excess":3100000,"programServiceRevenue":null,"footnotes":null},"2017":{"id":4536,"coid":"363241033","added":"2017-12-11T06:00:00.000Z","publishYear":2017,"fiscalYearEnd":"2016-03-31T05:00:00.000Z","annualReportDate":"2016-03-31T05:00:00.000Z","source":"IRS 990","contribGrants":40417200,"revenue":40571800,"expenses":47532800,"excess":-6961030,"programServiceRevenue":0,"footnotes":null}},"officers":{"2016":{"coid":"363241033","dropped":0,"salut":null,"first":"Daniel","middle":null,"last":"Wordsworth","lineage":null,"title":"President/CEO","officerId":11690,"added":"2015-03-31T05:00:00.000Z","publishYear":2016,"fiscalYearEnd":"2015-03-31T05:00:00.000Z","salary":232933,"benefit":null,"other":null,"bonus":null,"deferred":null,"total":266433,"salaryId":5981,"officerFootnotes":null,"salaryFootnotes":null,"hasImage":true},"2017":{"coid":"363241033","dropped":0,"salut":null,"first":"Daniel","middle":null,"last":"Wordsworth","lineage":null,"title":"President/CEO","officerId":11690,"added":"2017-12-11T06:00:00.000Z","publishYear":2017,"fiscalYearEnd":"2016-03-31T05:00:00.000Z","salary":238780,"benefit":18686,"other":0,"bonus":0,"deferred":14299,"total":271765,"salaryId":6112,"officerFootnotes":null,"salaryFootnotes":null,"hasImage":true}},"hasLogo":true,"rank":88,"previousRank":76},{"coid":"411801370","added":"2017-11-21T06:00:00.000Z","company":"Minnesota Diversified Industries Inc.","companyType":"Charity ss","category":"social-services","address1":"3501 Broadway St NE","address2":"Suite 100","city":"Minneapolis","state":"MN","zip":"55413","www":"www.mdi.org","shortDesc":"Serve people with disabilities by offering inclusive employment opportunities and services.","history":null,"founded":1995,"footnotes":null,"employees":{"2017":{"id":5657,"coid":"411801370","total":310,"added":"2017-12-11T06:00:00.000Z","publishYear":2017}},"finances":{"2016":{"id":4430,"coid":"411801370","added":"2017-11-20T06:00:00.000Z","publishYear":2016,"fiscalYearEnd":"2015-12-31T06:00:00.000Z","annualReportDate":"2015-12-31T06:00:00.000Z","source":null,"contribGrants":null,"revenue":45500000,"expenses":37400000,"excess":8100000,"programServiceRevenue":null,"footnotes":null},"2017":{"id":4537,"coid":"411801370","added":"2017-12-11T06:00:00.000Z","publishYear":2017,"fiscalYearEnd":"2016-12-31T06:00:00.000Z","annualReportDate":"2016-12-31T06:00:00.000Z","source":"Consolidated financial statement","contribGrants":2075180,"revenue":39628300,"expenses":33748200,"excess":5880070,"programServiceRevenue":1435640,"footnotes":null}},"officers":{"2016":{"coid":"411801370","dropped":0,"salut":null,"first":"Peter","middle":null,"last":"McDermott","lineage":null,"title":"President/CEO","officerId":11578,"added":"2015-12-31T06:00:00.000Z","publishYear":2016,"fiscalYearEnd":"2015-12-31T06:00:00.000Z","salary":199460,"benefit":16415,"other":3501,"bonus":8750,"deferred":6199,"total":234325,"salaryId":5970,"officerFootnotes":null,"salaryFootnotes":null,"hasImage":false},"2017":{"coid":"411801370","dropped":0,"salut":null,"first":"Peter","middle":null,"last":"McDermott","lineage":null,"title":"President/CEO","officerId":11578,"added":"2017-12-14T06:00:00.000Z","publishYear":2017,"fiscalYearEnd":"2016-12-31T06:00:00.000Z","salary":210820,"benefit":18060,"other":1686,"bonus":26775,"deferred":7091,"total":264432,"salaryId":6177,"officerFootnotes":null,"salaryFootnotes":null,"hasImage":false}},"hasLogo":true,"rank":89,"previousRank":78},{"coid":"363311936","added":"2017-11-21T06:00:00.000Z","company":"Stevens Community Medical Center","companyType":"Charity hc","category":"healthcare","address1":"400 East First Street","address2":null,"city":"Morris","state":"MN","zip":"56267","www":"www.scmcinc.org","shortDesc":"Comprehensive health care services for Stevens County and west central Minnesota","history":null,"founded":null,"footnotes":"Stevens Community Medical Center has a management agreement with Allina.","employees":{"2017":{"id":5658,"coid":"363311936","total":373,"added":"2017-12-11T06:00:00.000Z","publishYear":2017}},"finances":{"2016":{"id":4441,"coid":"363311936","added":"2017-11-20T06:00:00.000Z","publishYear":2016,"fiscalYearEnd":"2015-12-31T06:00:00.000Z","annualReportDate":"2015-12-31T06:00:00.000Z","source":null,"contribGrants":null,"revenue":39300000,"expenses":34800000,"excess":4500000,"programServiceRevenue":null,"footnotes":null},"2017":{"id":4538,"coid":"363311936","added":"2017-12-11T06:00:00.000Z","publishYear":2017,"fiscalYearEnd":"2016-12-31T06:00:00.000Z","annualReportDate":"2016-12-31T06:00:00.000Z","source":"IRS 990","contribGrants":160346,"revenue":39408700,"expenses":37627900,"excess":1780820,"programServiceRevenue":39066700,"footnotes":null}},"officers":{"2016":{"coid":"363311936","dropped":0,"salut":null,"first":"John","middle":null,"last":"Rau","lineage":null,"title":"Pres. and CEO","officerId":10715,"added":"2015-12-31T06:00:00.000Z","publishYear":2016,"fiscalYearEnd":"2015-12-31T06:00:00.000Z","salary":278369,"benefit":25038,"other":54767,"bonus":0,"deferred":20538,"total":378712,"salaryId":5934,"officerFootnotes":null,"salaryFootnotes":null,"hasImage":false},"2017":{"coid":"363311936","dropped":0,"salut":null,"first":"Jason","middle":null,"last":"Breuer","lineage":null,"title":"President/CEO","officerId":111836,"added":"2017-12-11T06:00:00.000Z","publishYear":2017,"fiscalYearEnd":"2016-12-31T06:00:00.000Z","salary":222116,"benefit":28176,"other":180,"bonus":0,"deferred":0,"total":250472,"salaryId":6159,"officerFootnotes":null,"salaryFootnotes":null,"hasImage":false}},"hasLogo":true,"rank":90,"previousRank":89},{"coid":"410972546","added":"2017-11-21T06:00:00.000Z","company":"Community Involvement Programs Inc.","companyType":"Charity ss","category":"social-services","address1":"1600 Broadway St NE","address2":"Suite 1","city":"Minneapolis","state":"MN","zip":"55413","www":"www.cipmn.org","shortDesc":"Provides community based supports to individuals with disabilities to live their greatest lives.","history":null,"founded":1981,"footnotes":null,"employees":{"2017":{"id":5659,"coid":"410972546","total":700,"added":"2017-12-11T06:00:00.000Z","publishYear":2017}},"finances":{"2016":{"id":4442,"coid":"410972546","added":"2017-11-20T06:00:00.000Z","publishYear":2016,"fiscalYearEnd":"2015-12-31T06:00:00.000Z","annualReportDate":"2015-12-31T06:00:00.000Z","source":null,"contribGrants":null,"revenue":39000000,"expenses":39100000,"excess":null,"programServiceRevenue":null,"footnotes":null},"2017":{"id":4539,"coid":"410972546","added":"2017-12-11T06:00:00.000Z","publishYear":2017,"fiscalYearEnd":"2017-07-18T05:00:00.000Z","annualReportDate":"2017-07-18T05:00:00.000Z","source":"IRS 990","contribGrants":40373,"revenue":39289800,"expenses":39488600,"excess":-198802,"programServiceRevenue":39364000,"footnotes":null}},"officers":{"2016":{"coid":"410972546","dropped":0,"salut":null,"first":"Rita","middle":null,"last":"Wiersma","lineage":null,"title":"CEO","officerId":12011,"added":"2015-12-31T06:00:00.000Z","publishYear":2016,"fiscalYearEnd":"2015-12-31T06:00:00.000Z","salary":87953,"benefit":21988,"other":135,"bonus":null,"deferred":0,"total":110076,"salaryId":6024,"officerFootnotes":null,"salaryFootnotes":null,"hasImage":true},"2017":{"coid":"410972546","dropped":0,"salut":null,"first":"Rita","middle":null,"last":"Wiersma","lineage":null,"title":"CEO","officerId":12011,"added":"2017-12-11T06:00:00.000Z","publishYear":2017,"fiscalYearEnd":"2017-07-18T05:00:00.000Z","salary":142361,"benefit":0,"other":0,"bonus":0,"deferred":0,"total":142361,"salaryId":6113,"officerFootnotes":null,"salaryFootnotes":null,"hasImage":true}},"hasLogo":true,"rank":91,"previousRank":90},{"coid":"410706172","added":"2017-11-21T06:00:00.000Z","company":"Science Museum of Minnesota","companyType":"Charity ac","category":"arts","address1":"120 W Kellogg Blvd","address2":null,"city":"St Paul","state":"MN","zip":"55102","www":"www.smm.org","shortDesc":"A science museum","history":"The new Science Museum builiding was built on the Mississippi riverfront in St. Paul. It has occupied several locations in its history.","founded":null,"footnotes":null,"employees":{"2017":{"id":5660,"coid":"410706172","total":512,"added":"2017-12-11T06:00:00.000Z","publishYear":2017}},"finances":{"2016":{"id":4444,"coid":"410706172","added":"2017-11-20T06:00:00.000Z","publishYear":2016,"fiscalYearEnd":"2015-12-31T06:00:00.000Z","annualReportDate":"2015-12-31T06:00:00.000Z","source":null,"contribGrants":null,"revenue":37300000,"expenses":40700000,"excess":-3300000,"programServiceRevenue":null,"footnotes":null},"2017":{"id":4540,"coid":"410706172","added":"2017-12-11T06:00:00.000Z","publishYear":2017,"fiscalYearEnd":"2016-06-30T05:00:00.000Z","annualReportDate":"2016-06-30T05:00:00.000Z","source":"IRS 990","contribGrants":16444600,"revenue":39269700,"expenses":38127000,"excess":1142750,"programServiceRevenue":19248500,"footnotes":"Alison Brown succeeded Eric Jolly as president of the Science Museum in March 2016. Compensation not available"}},"officers":{"2017":{"coid":"410706172","dropped":0,"salut":null,"first":"Alison","middle":null,"last":"Brown","lineage":null,"title":"President/CEO","officerId":111845,"added":"2017-12-12T06:00:00.000Z","publishYear":2017,"fiscalYearEnd":"2016-06-30T05:00:00.000Z","salary":null,"benefit":null,"other":null,"bonus":null,"deferred":null,"total":0,"salaryId":6173,"officerFootnotes":null,"salaryFootnotes":null,"hasImage":true}},"hasLogo":true,"rank":92,"previousRank":92},{"coid":"410693889","added":"2017-11-21T06:00:00.000Z","company":"Amherst H Wilder Foundation","companyType":"Charity ss","category":"social-services","address1":"451 Lexington Parkway North","address2":null,"city":"Saint Paul","state":"MN","zip":"55104","www":"www.wilder.org","shortDesc":"Helps children, families and older adults in the greater St Paul metro area through direct service programs, research, leadership development & community","history":"The Wilder Foundation originated with the establishment of three trusts, totaling $2.6 million, in the names of wealthy Saint Paul businessman, Amherst Holcomb Wilder, his wife, Fanny Spencer Wilder, and their daughter, Cornelia Day Wilder Appleby.","founded":1910,"footnotes":null,"employees":{"2017":{"id":5661,"coid":"410693889","total":397,"added":"2017-12-11T06:00:00.000Z","publishYear":2017}},"finances":{"2016":{"id":4439,"coid":"410693889","added":"2017-11-20T06:00:00.000Z","publishYear":2016,"fiscalYearEnd":"2015-12-31T06:00:00.000Z","annualReportDate":"2015-12-31T06:00:00.000Z","source":null,"contribGrants":null,"revenue":41200000,"expenses":47000000,"excess":-5800000,"programServiceRevenue":null,"footnotes":null},"2017":{"id":4541,"coid":"410693889","added":"2017-12-11T06:00:00.000Z","publishYear":2017,"fiscalYearEnd":"2016-06-30T05:00:00.000Z","annualReportDate":"2016-06-30T05:00:00.000Z","source":"IRS 990","contribGrants":7999660,"revenue":38611000,"expenses":50212100,"excess":-11601100,"programServiceRevenue":22006800,"footnotes":null}},"officers":{"2016":{"coid":"410693889","dropped":0,"salut":null,"first":"MayKao","middle":"Y.","last":"Hang","lineage":null,"title":"President/CEO","officerId":11897,"added":"2015-06-30T05:00:00.000Z","publishYear":2016,"fiscalYearEnd":"2015-06-30T05:00:00.000Z","salary":216813,"benefit":29056,"other":null,"bonus":11500,"deferred":8931,"total":266300,"salaryId":6001,"officerFootnotes":null,"salaryFootnotes":null,"hasImage":true},"2017":{"coid":"410693889","dropped":0,"salut":null,"first":"MayKao","middle":"Y.","last":"Hang","lineage":null,"title":"President/CEO","officerId":11897,"added":"2017-12-11T06:00:00.000Z","publishYear":2017,"fiscalYearEnd":"2016-06-30T05:00:00.000Z","salary":247699,"benefit":20152,"other":0,"bonus":13250,"deferred":20270,"total":301371,"salaryId":6114,"officerFootnotes":null,"salaryFootnotes":null,"hasImage":true}},"hasLogo":true,"rank":93,"previousRank":87},{"coid":"410518750","added":"2017-11-21T06:00:00.000Z","company":"Mitchell Hamline School of Law","companyType":"Trust ee","category":"education","address1":"875 Summit Av","address2":null,"city":"Minneapolis","state":"MN","zip":"55105","www":"http://www.wmitchell.edu","shortDesc":"An independent law school with full-time and part-time programs that teach theory and practical legal skills","history":null,"founded":1900,"footnotes":null,"employees":{"2017":{"id":5662,"coid":"410518750","total":634,"added":"2017-12-11T06:00:00.000Z","publishYear":2017}},"finances":{"2017":{"id":4542,"coid":"410518750","added":"2017-12-11T06:00:00.000Z","publishYear":2017,"fiscalYearEnd":"2016-06-30T05:00:00.000Z","annualReportDate":"2016-06-30T05:00:00.000Z","source":"IRS 990","contribGrants":6304080,"revenue":37742600,"expenses":38463300,"excess":-720752,"programServiceRevenue":31088000,"footnotes":null}},"officers":{"2016":{"coid":"410518750","dropped":0,"salut":null,"first":"Eric S.","middle":null,"last":"Janus","lineage":null,"title":"former President/Dean","officerId":11634,"added":"2015-06-30T05:00:00.000Z","publishYear":2016,"fiscalYearEnd":"2015-06-30T05:00:00.000Z","salary":255556,"benefit":8685,"other":1407,"bonus":0,"deferred":15781,"total":281429,"salaryId":5974,"officerFootnotes":null,"salaryFootnotes":null,"hasImage":true},"2017":{"coid":"410518750","dropped":0,"salut":null,"first":"Eric S.","middle":null,"last":"Janus","lineage":null,"title":"former President/Dean","officerId":11634,"added":"2017-12-11T06:00:00.000Z","publishYear":2017,"fiscalYearEnd":"2016-06-30T05:00:00.000Z","salary":271342,"benefit":14946,"other":1407,"bonus":null,"deferred":13285,"total":300980,"salaryId":6115,"officerFootnotes":null,"salaryFootnotes":null,"hasImage":true}},"hasLogo":true,"rank":94},{"coid":"410693915","added":"2017-11-21T06:00:00.000Z","company":"The Minneapolis Society of Fine Arts","companyType":"Charity ac","category":"arts","address1":"2400 Third Ave S","address2":null,"city":"Minneapolis","state":"MN","zip":"55404","www":"www.artsmia.org","shortDesc":"Operates the Minneapolis Institute of Art","history":null,"founded":1915,"footnotes":null,"employees":{"2017":{"id":5663,"coid":"410693915","total":265,"added":"2017-12-11T06:00:00.000Z","publishYear":2017}},"finances":{"2016":{"id":4413,"coid":"410693915","added":"2017-11-20T06:00:00.000Z","publishYear":2016,"fiscalYearEnd":"2015-12-31T06:00:00.000Z","annualReportDate":"2015-12-31T06:00:00.000Z","source":null,"contribGrants":null,"revenue":58100000,"expenses":42800000,"excess":15300000,"programServiceRevenue":null,"footnotes":null},"2017":{"id":4543,"coid":"410693915","added":"2017-12-11T06:00:00.000Z","publishYear":2017,"fiscalYearEnd":"2016-06-30T05:00:00.000Z","annualReportDate":"2016-06-30T05:00:00.000Z","source":"IRS 990","contribGrants":22958000,"revenue":36586600,"expenses":39178900,"excess":-2592250,"programServiceRevenue":3172990,"footnotes":null}},"officers":{"2016":{"coid":"410693915","dropped":0,"salut":null,"first":"Kaywin","middle":null,"last":"Feldman","lineage":null,"title":"Nivin & Duncan MacMillan Director & President","officerId":11635,"added":"2015-06-30T05:00:00.000Z","publishYear":2016,"fiscalYearEnd":"2015-06-30T05:00:00.000Z","salary":459140,"benefit":6398,"other":30202,"bonus":null,"deferred":81042,"total":576782,"salaryId":5975,"officerFootnotes":null,"salaryFootnotes":null,"hasImage":true},"2017":{"coid":"410693915","dropped":0,"salut":null,"first":"Kaywin","middle":null,"last":"Feldman","lineage":null,"title":"Nivin & Duncan MacMillan Director & President","officerId":11635,"added":"2017-12-11T06:00:00.000Z","publishYear":2017,"fiscalYearEnd":"2016-06-30T05:00:00.000Z","salary":481718,"benefit":6208,"other":23240,"bonus":67500,"deferred":146829,"total":725495,"salaryId":6116,"officerFootnotes":null,"salaryFootnotes":null,"hasImage":true}},"hasLogo":true,"rank":95,"previousRank":64},{"coid":"412017278","added":"2017-11-21T06:00:00.000Z","company":"Hennepin Theatre Trust","companyType":"Charity ac","category":"arts","address1":"900 Hennepin Avenue","address2":"Suite 140","city":"Minneapolis","state":"MN","zip":"55403","www":"hennepintheatretrust.org/","shortDesc":"Creates positive change through the arts by bringing together people, businesses and organizations in WeDo™, the West Downtown MPLS Cultural District, to create and enjoy cultural experiences.","history":null,"founded":null,"footnotes":null,"employees":{"2016":{"id":5455,"coid":"412017278","total":36,"added":"2016-06-30T05:00:00.000Z","publishYear":2016},"2017":{"id":5664,"coid":"412017278","total":35,"added":"2017-12-11T06:00:00.000Z","publishYear":2017}},"finances":{"2017":{"id":4544,"coid":"412017278","added":"2017-12-11T06:00:00.000Z","publishYear":2017,"fiscalYearEnd":"2017-06-30T05:00:00.000Z","annualReportDate":"2017-06-30T05:00:00.000Z","source":"Consolidated financial statement","contribGrants":4619060,"revenue":36546000,"expenses":36040100,"excess":505918,"programServiceRevenue":30774800,"footnotes":"The numbers reported are unaudited"}},"officers":{"2017":{"coid":"412017278","dropped":0,"salut":null,"first":"Mark","middle":null,"last":"Nerenhausen","lineage":null,"title":"President/CEO","officerId":111837,"added":"2017-12-11T06:00:00.000Z","publishYear":2017,"fiscalYearEnd":"2017-06-30T05:00:00.000Z","salary":240000,"benefit":45000,"other":null,"bonus":null,"deferred":null,"total":285000,"salaryId":6160,"officerFootnotes":null,"salaryFootnotes":null,"hasImage":true}},"hasLogo":true,"rank":96},{"coid":"411627391","added":"2017-11-21T06:00:00.000Z","company":"Books for Africa Inc.","companyType":"Charity ot","category":"education","address1":"26 East Exchange St","address2":"Suite 411","city":"St Paul","state":"MN","zip":"55101","www":"www.booksforafrica.org","shortDesc":"The world's largest shipper of donated books to Africa, shipping 40 million books to almost every African country over the past 30 years.","history":null,"founded":null,"footnotes":null,"employees":{"2017":{"id":5665,"coid":"411627391","total":20,"added":"2017-12-11T06:00:00.000Z","publishYear":2017}},"finances":{"2016":{"id":4446,"coid":"411627391","added":"2017-11-20T06:00:00.000Z","publishYear":2016,"fiscalYearEnd":"2015-12-31T06:00:00.000Z","annualReportDate":"2015-12-31T06:00:00.000Z","source":null,"contribGrants":null,"revenue":35700000,"expenses":35200000,"excess":500000,"programServiceRevenue":null,"footnotes":null},"2017":{"id":4545,"coid":"411627391","added":"2017-12-11T06:00:00.000Z","publishYear":2017,"fiscalYearEnd":"2017-06-30T05:00:00.000Z","annualReportDate":"2017-06-30T05:00:00.000Z","source":"IRS 990","contribGrants":35539,"revenue":35600400,"expenses":36258300,"excess":-657947,"programServiceRevenue":0,"footnotes":"The loss of $657,947 reported indicates a reduction in the value of donated books from the previous fiscal year to the current fiscal year."}},"officers":{"2016":{"coid":"411627391","dropped":0,"salut":null,"first":"Patrick","middle":null,"last":"Plonski","lineage":null,"title":"Executive Director","officerId":12008,"added":"2015-06-30T05:00:00.000Z","publishYear":2016,"fiscalYearEnd":"2015-06-30T05:00:00.000Z","salary":115000,"benefit":11510,"other":null,"bonus":19560,"deferred":0,"total":149560,"salaryId":6022,"officerFootnotes":null,"salaryFootnotes":null,"hasImage":true},"2017":{"coid":"411627391","dropped":0,"salut":null,"first":"Patrick","middle":null,"last":"Plonski","lineage":null,"title":"Executive Director","officerId":12008,"added":"2017-12-11T06:00:00.000Z","publishYear":2017,"fiscalYearEnd":"2017-06-30T05:00:00.000Z","salary":118741,"benefit":11521,"other":null,"bonus":14521,"deferred":0,"total":144783,"salaryId":6117,"officerFootnotes":null,"salaryFootnotes":null,"hasImage":true}},"hasLogo":true,"rank":97,"previousRank":94},{"coid":"411677920","added":"2017-11-21T06:00:00.000Z","company":"Minneapolis Medical Research Foundation","companyType":"Charity ee","category":"other","address1":"701 Park Avenue","address2":"914 S. 8th St.","city":"Minneapolis","state":"MN","zip":"55415-","www":"www.mmrf.org","shortDesc":"Engages in charitable, educational and scientific activities of Hennepin County Medical Center, in the pursuit of its research and educational missions.","history":null,"founded":1952,"footnotes":null,"employees":{"2017":{"id":5666,"coid":"411677920","total":250,"added":"2017-12-11T06:00:00.000Z","publishYear":2017}},"finances":{"2016":{"id":4448,"coid":"411677920","added":"2017-11-20T06:00:00.000Z","publishYear":2016,"fiscalYearEnd":"2015-12-31T06:00:00.000Z","annualReportDate":"2015-12-31T06:00:00.000Z","source":null,"contribGrants":null,"revenue":35400000,"expenses":35100000,"excess":300000,"programServiceRevenue":null,"footnotes":null},"2017":{"id":4546,"coid":"411677920","added":"2017-12-11T06:00:00.000Z","publishYear":2017,"fiscalYearEnd":"2016-12-31T06:00:00.000Z","annualReportDate":"2016-12-31T06:00:00.000Z","source":"IRS 990","contribGrants":33962500,"revenue":35291400,"expenses":34516000,"excess":775397,"programServiceRevenue":27462,"footnotes":null}},"officers":{"2017":{"coid":"411677920","dropped":0,"salut":null,"first":"Ajay","middle":null,"last":"Israni","lineage":null,"title":"Interim President/Investigator","officerId":111838,"added":"2017-12-11T06:00:00.000Z","publishYear":2017,"fiscalYearEnd":"2016-12-31T06:00:00.000Z","salary":240774,"benefit":20350,"other":180,"bonus":3399,"deferred":22328,"total":287031,"salaryId":6161,"officerFootnotes":null,"salaryFootnotes":null,"hasImage":false}},"hasLogo":true,"rank":98,"previousRank":96},{"coid":"411961427","added":"2017-11-21T06:00:00.000Z","company":"Northstar Education Finance Inc.","companyType":"Trust ee","category":"education","address1":"930 Blue Gentian Road","address2":null,"city":"Eagan","state":"MN","zip":"55121","www":"www.northstar.org","shortDesc":"Provides student aid, education finance and education-based grants","history":null,"founded":null,"footnotes":null,"employees":{"2017":{"id":5667,"coid":"411961427","total":3,"added":"2017-12-11T06:00:00.000Z","publishYear":2017}},"finances":{"2016":{"id":4402,"coid":"411961427","added":"2017-11-20T06:00:00.000Z","publishYear":2016,"fiscalYearEnd":"2015-12-31T06:00:00.000Z","annualReportDate":"2015-12-31T06:00:00.000Z","source":null,"contribGrants":null,"revenue":77200000,"expenses":77000000,"excess":200000,"programServiceRevenue":null,"footnotes":null},"2017":{"id":4547,"coid":"411961427","added":"2017-12-11T06:00:00.000Z","publishYear":2017,"fiscalYearEnd":"2016-09-30T05:00:00.000Z","annualReportDate":"2016-09-30T05:00:00.000Z","source":"IRS 990","contribGrants":0,"revenue":34497100,"expenses":77782300,"excess":-43285200,"programServiceRevenue":34269600,"footnotes":"NEF management and administrative operations are performed by a third-party pursuant to certain management agreements."}},"officers":{"2016":{"coid":"411961427","dropped":0,"salut":null,"first":"Richard","middle":null,"last":"Nigon","lineage":null,"title":"President","officerId":12021,"added":"2015-09-30T05:00:00.000Z","publishYear":2016,"fiscalYearEnd":"2015-09-30T05:00:00.000Z","salary":null,"benefit":null,"other":null,"bonus":null,"deferred":null,"total":50000,"salaryId":6031,"officerFootnotes":null,"salaryFootnotes":null,"hasImage":true},"2017":{"coid":"411961427","dropped":0,"salut":null,"first":"Richard","middle":null,"last":"Nigon","lineage":null,"title":"President","officerId":12021,"added":"2017-12-11T06:00:00.000Z","publishYear":2017,"fiscalYearEnd":"2016-09-30T05:00:00.000Z","salary":50000,"benefit":0,"other":0,"bonus":0,"deferred":0,"total":50000,"salaryId":6118,"officerFootnotes":null,"salaryFootnotes":null,"hasImage":true}},"hasLogo":true,"rank":99,"previousRank":52},{"coid":"410737221","added":"2017-11-21T06:00:00.000Z","company":"Opportunity Partners Inc.","companyType":"Charity ss","category":"social-services","address1":"5500 Opportunity Court","address2":null,"city":"Minnetonka","state":"MN","zip":"55343","www":"opportunities.org","shortDesc":"Partners with business and community to provide employment, job training and residential choices for people with disabilities","history":"Established in 1953 as Opportunity Workshop Inc.","founded":1953,"footnotes":null,"employees":{"2017":{"id":5668,"coid":"410737221","total":1810,"added":"2017-12-11T06:00:00.000Z","publishYear":2017}},"finances":{"2016":{"id":4447,"coid":"410737221","added":"2017-11-20T06:00:00.000Z","publishYear":2016,"fiscalYearEnd":"2015-12-31T06:00:00.000Z","annualReportDate":"2015-12-31T06:00:00.000Z","source":null,"contribGrants":null,"revenue":35600000,"expenses":35500000,"excess":null,"programServiceRevenue":null,"footnotes":null},"2017":{"id":4548,"coid":"410737221","added":"2017-12-11T06:00:00.000Z","publishYear":2017,"fiscalYearEnd":"2016-12-31T06:00:00.000Z","annualReportDate":"2016-12-31T06:00:00.000Z","source":"IRS 990","contribGrants":849230,"revenue":33675800,"expenses":33742700,"excess":-66951,"programServiceRevenue":32368200,"footnotes":null}},"officers":{"2016":{"coid":"410737221","dropped":0,"salut":null,"first":"Armando","middle":null,"last":"Camacho","lineage":null,"title":"President/CEO","officerId":11961,"added":"2015-12-31T06:00:00.000Z","publishYear":2016,"fiscalYearEnd":"2015-12-31T06:00:00.000Z","salary":null,"benefit":null,"other":null,"bonus":null,"deferred":null,"total":219429,"salaryId":6014,"officerFootnotes":null,"salaryFootnotes":null,"hasImage":true},"2017":{"coid":"410737221","dropped":0,"salut":null,"first":"Armando","middle":null,"last":"Camacho","lineage":null,"title":"President/CEO","officerId":11961,"added":"2017-12-11T06:00:00.000Z","publishYear":2017,"fiscalYearEnd":"2016-12-31T06:00:00.000Z","salary":228675,"benefit":null,"other":null,"bonus":null,"deferred":null,"total":228929,"salaryId":6119,"officerFootnotes":null,"salaryFootnotes":null,"hasImage":true}},"hasLogo":true,"rank":100,"previousRank":95}]